4821 5976
2165 861 2316 941 Cap.
2345 837 2408 922 33.
3257 887 3263 892 ·
3554 864 3684 933 168

886 1039 1076 1096 ticam
1111 1031 1558 1095 1101100111.Η11“
1579 1031 1952 1092 utilitatibus
1981 1033 2261 1092 maxime
2293 1029 2545 1104 studuit.
2573 1027 2679 1091 sed
2712 1037 2775 1091 et
2815 1045 2971 1091 auro
3000 1036 3399 1112 argentoque
3438 1033 3693 1094 coronis

888 1128 952 1181 et
981 1119 1258 1182 lucernis
1279 1125 1344 1177 et
1383 1117 1676 1176 omnibus
1716 1117 1911 1177 bonis.
1945 1117 2218 1177 eundem
2258 1117 2489 1178 locum.
2533 1134 2649 1194 per
2676 1116 2802 1176 XVI
2846 1117 3054 1175 annos
3084 1117 3375 1177 nobiliter
3419 1120 3585 1178 rexit
3622 1124 3687 1180 et
3738 1185 3745 1190 ,

885 1208 1194 1284 prouexit.
1227 1202 1356 1262 vlu
1385 1201 1465 1262 id.
1500 1200 1816 1262 decembr.
1848 1201 1954 1262 ob.

1059 1289 1218 1348 Huic
1251 1287 1542 1348 successit
1570 1286 1768 1367 Eigil
1801 1286 1948 1345 ..1111
1980 1285 2350 1367 grandeuus
2371 1292 2436 1345 et
2464 1283 2874 1346 uenerandus
2897 1285 3003 1365 qui
3034 1284 3207 1346 idem
3245 1288 3544 1366 templum
3576 1288 3688 1350 de-

889 1375 1088 1435 dicari
1121 1373 1290 1432 fecit
1323 1377 1388 1432 et
1414 1371 1718 1432 tumulum
1759 1371 2038 1432 statuens
2061 1388 2214 1430 auro
2261 1377 2660 1451 argentoque
2690 1368 2957 1447 parauit.
3004 1378 3069 1430 et
3111 1374 3341 1450 corpus
3378 1375 3465 1433 sci
3511 1374 3691 1435 boni·

890 1459 1038 1519 faeii
1069 1458 1155 1518 ibi
1184 1456 1708 1537 requiescendum
1738 1456 2062 1516 transtulit.
2097 1453 2204 1515 sed
2235 1463 2298 1515 et
2329 1455 2517 1515 aliam
2548 1454 2773 1516 eccles
2758 1473 2883 1514 am
2910 1457 2977 1514 in
3000 1459 3329 1535 cymiterio
3360 1459 3689 1520 rotundam

889 1546 1047 1604 mira
1078 1549 1215 1603 arte
1255 1543 1474 1621 typice
1516 1543 1880 1620 composuit.
1901 1537 1957 1618 ¹)
1995 1558 2127 1602 uno
2171 1539 2364 1618 lapidi
2401 1547 2534 1601 tota
2574 1539 2798 1600 domus
2827 1542 3165 1601 imminens
3200 1543 3518 1603 subterius.
3560 1561 3689 1604 uno

888 1626 1097 1707 lapide
1135 1635 1269 1687 tota
1313 1627 1600 1706 superius
1630 1626 1948 1688 conclusa.
1993 1643 2182 1705 quam
2225 1628 2361 1685 iure
2400 1629 2465 1686 in
2510 1625 2817 1686 honorem
2858 1628 2959 1684 sci
3002 1625 3375 1688 michahelis
3410 1627 3692 1690 dedicari

889 1715 1097 1774 statuit
1124 1713 1456 1790 multisque
1486 1711 1736 1790 pollens
1756 1710 2150 1790 profectibus
2181 1713 2617 1790 quinquennio
2647 1711 2830 1770 rexit.
2860 1709 3013 1769 xvn
3046 1711 3170 1773 kal.
3201 1713 3308 1772 iul.
3340 1714 3441 1773 ob.

1063 1798 1281 1858 Abbas
1303 1798 1558 1877 quintus
1581 1799 1679 1856 uir
1707 1795 2116 1858 uenerandus
2135 1803 2346 1856 rector
2373 1803 2439 1856 et
2468 1795 2689 1856 doctor
2707 1796 2967 1873 opimus.
2988 1791 3049 1872 ²)
3088 1795 3450 1859 Rhabanu
3468 1799 3500 1857 s
3523 1799 3693 1859 omni

889 1883 1204 1964 dignitate
1243 1885 1381 1942 iure
1409 1881 1692 1942 famosus
1721 1883 1819 1942 bis
1841 1881 2046 1942 denos
2069 1882 2274 1942 anuos
2306 1881 2447 1956 (fol.
2482 1879 2579 1957 4²⁰)
2632 1881 2945 1941 abbatiam
2992 1881 3391 1962 gubernauit.
3426 1891 3487 1943 et
3518 1890 3694 1944 tanto
3730 1949 3735 1954 ,

891 1968 1243 2028 sublimauit
1273 1967 1546 2028 honore.
1579 1974 1649 2026 ut
1685 1969 1934 2029 cunctis
1971 1966 2157 2028 huius
2195 1968 2382 2048 regni
2426 1966 2584 2027 locis
2621 1966 3015 2044 precelleret.
3054 1966 3208 2027 fecit
3248 1984 3459 2028 arcam
3501 1970 3696 2030 instar

891 2071 1041 2114 arce
1086 2054 1365 2114 mosaice
1410 2070 1552 2112 cum
1595 2051 1848 2113 circulis
1885 2059 1950 2111 et
1978 2052 2270 2112 uectibus
2313 2068 2398 2112 ex
2441 2053 2612 2110 omni
2650 2057 2833 2130 parte
2864 2057 3147 2110 auratam
3177 2055 3691 2130 propitiatorium.

891 2137 1215 2198 cherubim
1247 2139 1472 2218 glorie.
1507 2137 1954 2198 candelabrum
1987 2136 2219 2197 ductile
2250 2155 2335 2196 ex
2365 2141 2499 2195 toto
2529 2143 2839 2197 auratum.
2870 2135 2975 2196 hic
3004 2138 3319 2197 constituit
3348 2138 3695 2216 processio·

890 2239 1038 2282 nem
1075 2221 1578 2282 iocundisfimam
1623 2225 1688 2282 in
1727 2221 1954 2300 palmis
1994 2221 2153 2281 fieri.
2205 2222 2535 2301 ipsamque
2589 2239 2803 2280 arcam
2842 2238 2985 2281 cum
3024 2221 3309 2299 predicto
3349 2222 3583 2282 decore
3630 2230 3697 2286 et

889 2324 1129 2388 magna
1159 2307 1364 2388 gloria
1395 2305 1646 2366 deferri.
1678 2305 1831 2367 fecit
1861 2314 1926 2366 et
1956 2307 2317 2366 sacrarium.
2365 2304 2534 2386 quod
2576 2306 2784 2367 sacris.
2828 2307 2999 2366 uasis
3032 2308 3245 2366 aureis
3256 2312 3343 2368 ,et
3374 2309 3701 2390 argenteis

889 2395 1048 2452 mira
1077 2399 1215 2452 arte
1244 2391 1567 2451 fabricatis
1588 2411 1756 2469 pene
1785 2390 2093 2470 replicuit.
2117 2390 2270 2450 fecit
2302 2397 2366 2450 et
2409 2390 2857 2451 bibliothecam
2898 2393 3155 2469 (quam)
3192 2397 3373 2453 tanta
3400 2393 3694 2454 librorum

865 2475 1281 2540 'multitudine
1321 2475 1540 2536 ditauit
1583 2483 1650 2536 ut
1694 2479 1804 2535 uix
1855 2476 2239 2536 dinumerari
2293 2482 2551 2554 queant.
2607 2473 2910 2535 Omnibus
2954 2476 3138 2536 bonis
3173 2476 3453 2538 uiuendo
3502 2484 3695 2558 atque

889 2559 1216 2640 operando
1231 2561 1358 2621 suis
1369 2559 1762 2638 semetipsum
1780 2559 2072 2619 formauit
2085 2561 2466 2636 exemplum.
2485 2560 2721 2637 Sicque
2734 2561 2981 2620 cunctis
2991 2561 3359 2622 utilitatibus
3380 2563 3695 2624 abbatiam

891 2646 1060 2707 intus
1075 2645 1352 2724 forisque
1375 2642 1673 2704 refertam
1694 2645 1964 2722 reliquit.
1989 2650 2054 2703 et
2081 2644 2272 2703 uues
2276 2643 2467 2723 berg
2496 2661 2686 2722 quem
2710 2643 3031 2704 edificauit
3046 2641 3106 2723 ⁸)
3132 2650 3429 2724 perrexit.
3453 2646 3699 2708 Exinde
3752 2699 3772 2714 .

892 2733 958 2791 in
997 2731 1430 2809 pontificatum
1469 2728 2058 2811 mogontiacensem
2099 2728 2476 2790 sublimatus.
2514 2729 2850 2790 uirtutibus
2891 2725 3122 2807 plenus
3152 2730 3383 2791 ibidem
3426 2733 3491 2792 111
3532 2751 3698 2812 pace

893 2819 1153 2897 quieuit.
1184 2816 1256 2876 11.
1287 2833 1416 2875 non
1447 2815 1626 2876 Febr.
1659 2815 1760 2875 ob.

1065 2901 1305 2962 Sextus
1326 2901 1534 2960 hatto
1565 2901 1839 2960 bonosus
1857 2907 1921 2960 et
1950 2899 2262 2980 gloriosus
2287 2905 2551 2958 aeterna
2574 2899 2942 2978 uirginitate
2970 2896 3254 2976 preditus
3278 2901 3545 2979 suscepit
3576 2921 3697 2983 gu

895 2985 1304 3048 bernaculum
1349 2986 1602 3047 abbatie
1647 2993 1716 3046 et
1749 3003 1867 3064 per
1907 2985 2112 3045 annos
2146 2983 2268 3043 XII.
2301 2983 2569 3044 discrete
2600 2990 2667 3043 et
2702 2981 3145 3043 modestissime
3175 2987 3382 3043 rexit
3363 3004 3425 3044 m
3457 3006 3698 3049 morem

892 3075 1107 3151 moysi
1137 3071 1220 3133 de
1249 3089 1376 3152 quo
1410 3073 1700 3150 scriptum
1733 3078 1854 3129 est.
1885 3070 2031 3128 Erat
2071 3068 2427 3126 mitissimus
2466 3068 2650 3143 super
2694 3066 2919 3127 omnes
2946 3067 3251 3129 homines.
3298 3070 3341 3128 Γ
3346 3070 3407 3129 111
3448 3067 3706 3131 subditis

897 3156 1206 3217 discretus
1229 3163 1293 3215 et
1321 3158 1502 3216 mitis.
1536 3153 1900 3231 potentibus
1932 3157 2142 3210 autem
2176 3150 2323 3209 secli
2355 3149 2545 3209 ualde
2584 3157 2650 3209 et
2680 3152 2901 3231 grauis
2932 3152 3062 3228 (et)
3110 3155 3358 3231 aequus
3382 3156 3697 3217 extiterat.
3726 3211 3746 3230 „

895 3240 1002 3301 hic
1031 3257 1226 3319 magn
1239 3241 1348 3315 (a)
1390 3236 1794 3317 adimpletum
1839 3236 2104 3297 utilitate
2143 3235 2591 3295 monasterium
2636 3234 2909 3317 glorioso
2953 3239 3149 3296 uitam
3186 3236 3317 3299 fine
3358 3238 3697 3302 concludit.

890 3326 962 3385 ΙΙ.
993 3323 1076 3385 id.
1109 3342 1148 3384 a
1194 3343 1243 3384 r.
1275 3323 1376 3383 ob.

1065 3342 1248 3471 Hulhc
1278 3407 1668 3487 subsequitur
1694 3406 1939 3467 thioto
1971 3404 2450 3467 elemosinarius
2470 3404 2673 3466 abbas
2706 3404 3005 3485 septimus
3036 3411 3103 3466 et
3133 3405 3420 3488 largiflua
3449 3410 3690 3486 pietate

895 3488 1186 3555 mun'itus.
1217 3494 1326 3555 hic
1352 3495 1518 3553 inter
1547 3498 1763 3553 cetera
1791 3492 2095 3553 bonitatis
2128 3492 2237 3551 sue
2277 3508 2477 3569 opera
2506 3490 2703 3551 studio
2746 3491 3083 3573 sibigelti
3124 3492 3516 3553 strenuissimi
3552 3496 3692 3555 uiri.

825 3628 833 3632 .
893 3581 1157 3642 sanctos
1177 3581 1584 3640 Antonium
1615 3585 1681 3638 et
1709 3580 2010 3639 eonium
2039 3579 2333 3637 martires
2362 3576 2745 3637 monasterio
2769 3576 3041 3658 gloriose
3072 3576 3427 3639 aduocauit.
3459 3585 3522 3639 et
3551 3597 3695 3658 por

891 3667 1054 3726 ticos
1089 3665 1426 3726 inferiores
1451 3664 1801 3726 adornauit.
1843 3662 2206 3743 Ibidemque
2245 3660 2598 3723 honorilice
2637 3663 3040 3741 requiescere
3076 3662 3248 3724 fecit.
3292 3663 3396 3725 hic
3438 3666 3575 3789 post
3606 3665 3702 3725 bis

895 3751 1080 3812 senos
1103 3752 1310 3811 annos
1333 3751 1650 3811 abbatiam
1682 3750 1760 3810 ad
1792 3749 2104 3809 modicum
2137 3747 2517 3826 relinquens.
2551 3746 2671 3807 VII.
2704 3746 2785 3807 id.
2812 3764 2963 3829 aug.
2996 3748 3095 3809 ob.

1065 3834 1403 3895 Successor
1433 3835 1598 3894 illius
1622 3835 1890 3894 octauus
1913 3834 2115 3894 abbas
2155 3834 2349 3894 beate
2379 3834 2684 3892 memorie
2714 3830 3065 3915 Sigihart
3100 3832 3415 3894 abbatiam
3447 3834 3699 3916 sumpsit
3756 3830 3805 3881 '.

895 3927 961 3980 et
989 3919 1387 3980 laudabiliter
1414 3918 1759 3979 hrabanice
1792 3918 2189 3999 gubernauit.
2220 3921 2423 3977 vitam
2454 3917 2628 3978 suam
2661 3918 3039 3998 suorumque
3068 3919 3442 3981 monachice
3474 3922 3697 3981 secun·

895 4004 1038 4065 dum
1071 4004 1362 4085 regulam
1395 4002 2058 4064 uiuendinobilissime
2087 4003 2339 4084 regens.
2371 4002 2625 4063 thecam
2655 4003 2979 4083 euangelii
3012 4020 3269 4065 auream
3302 4022 3445 4065 cum
3476 4005 3698 4085 lapidi·-

894 4091 1014 4151 bus
1035 4090 1324 4169 pretiosis
1349 4090 1616 4149 ornauit.
1643 4088 1745 4149 hic
1777 4088 2092 4149 constituit
2124 4088 2621 4148 anniuersariam
2654 4086 2934 4149 fratrum.
2968 4089 3194 4149 eodem
3232 4089 3333 4151 die
3364 4089 3699 4152 defuncto-

895 4194 1029 4235 rum
1073 4174 1305 4235 cotidie
1345 4192 1489 4234 cum
1530 4174 1730 4234 tribus
1771 4173 2025 4253 psalmis
2058 4176 2257 4235 statim
2303 4179 2453 4251 post
2498 4174 2837 4250 capitulum
2884 4172 3229 4235 celebrare.
3271 4182 3338 4234 et
3376 4178 3539 4236 inter
3570 4178 3700 4237 alia

879 4260 1090 4320 'multa
1119 4260 1295 4320 utilia
1335 4258 1487 4319 fecit
1524 4259 1858 4337 ponte(m)
1899 4258 2213 4339 lapideum
2270 4257 2410 4332 (sol.
2445 4259 2544 4335 δ’)
2586 4258 2865 4339 longum.
2912 4256 3057 4317 CXX
3089 4258 3371 4320 calamos
3403 4264 3699 4323 mensure

895 4345 1089 4405 uirilis
1114 4343 1326 4405 cub...
1357 4347 1421 4403 in
1453 4344 1847 4425 longitudine
1878 4344 2237 4405 habentem.
2286 4342 2402 4416 Qui
2435 4362 2575 4403 cum
2608 4344 2759 4401 XXII
2805 4343 3012 4402 annos
3044 4362 3188 4405 cum
3231 4348 3401 4408 omni
3442 4348 3699 4409 cautela

897 4431 1212 4492 abbatiam
1243 4436 1630 4509 procuraret.
1662 4427 2027 4511 relinquens
2065 4448 2208 4490 eam
2238 4426 2587 4528 honorifice
2631 4428 2913 4508 perrexit
2953 4430 3020 4488 in
3058 4432 3567 4494 monasteriolum
3598 4431 3697 4491 sci

1040 4642 1088 4706 ¹)
1129 4642 1180 4691 S.
1208 4642 1335 4705 Cap.
1363 4644 1430 4690 27
1457 4642 1580 4690 und
1597 4639 1753 4705 Elgtl’
1755 4652 1782 4690 s
1806 4640 1981 4690 Leben
2007 4652 2115 4691 von
2138 4642 2277 4690 Brun
2307 4638 2639 4706 (Candidus)
2667 4642 2722 4690 in
2748 4642 2990 4691 Broweri
3013 4641 3195 4691 sidera
3218 4642 3414 4691 illustr.
3442 4646 3495 4690 et
3520 4646 3692 4691 sanct.

896 4710 1134 4760 virorum
1168 4712 1250 4760 20.
1286 4712 1391 4759 und
1430 4710 2449 4773 8011111111.1111“ιο1.1·“11111.0004110001.
2488 4708 2685 4761 no.88.
2734 4706 2786 4775 ²)
2824 4710 2997 4758 8011011
2965 4716 3094 4773 unat
3128 4712 3223 4758 hat
3256 4709 3545 4772 optimus
3589 4724 3693 4775 ge·

897 4780 1190 4831 schriebeu.
1219 4778 1270 4845 ⁸)
1300 4780 1351 4829 S.
1379 4780 1504 4842 Cap.
1530 4779 1613 4828 25.

3160 4860 3283 4921 21*
