4821 5976
1087 856 1216 916 148
1393 935 1400 946 ι
1835 814 1886 875 '
2191 844 2345 939 cap.
2379 842 2481 904 69.
2532 844 2631 903 το.

1091 1042 1176 1083 ex
1227 1020 1328 1082 his
1379 1019 1778 1081 haberentur.
1831 1012 2232 1075 traditionem
2274 1014 2539 1091 primam
2583 1012 2955 1074 secundaria
2994 1012 3330 1075 traditione
3374 1014 3673 1077 heredum
3730 1019 3871 1079 uice

1092 1112 1499 1167 renouarent.
1543 1104 1814 1175 Quorum
1858 1098 2104 1158 testium
2149 1098 2287 1157 sunt
2331 1097 2453 1158 hec
2489 1100 2767 1158 nomina.
2822 1098 3264 1179 Reginhart.
3308 1099 3643 1161 Gerhart.
3696 1102 3877 1162 Ger-

1091 1191 1285 1252 lach.
1317 1189 1670 1249 Hertwic.
1696 1182 2052 1243 Berthoh.
2084 1183 2360 1242 Chuno.
2393 1181 2606 1243 etalii.
2630 1183 2848 1242 Preter
2868 1183 3035 1243 hanc
3056 1200 3455 1243 communem
3476 1191 3878 1264 utrorumque

1091 1275 1510 1335 traditionem.
1558 1276 1621 1328 et
1659 1268 2044 1348 prescriptae
2084 1266 2435 1326 traditionis
2460 1266 2903 1327 conditionem.
2949 1268 3198 1346 prefata
3226 1268 3561 1349 Regilint
3589 1272 3877 1346 priuatim

1093 1377 1206 1438 pro
1239 1361 1305 1418 se
1334 1355 1581 1432 suisque
1611 1352 1902 1412 omnibus
1931 1356 2061 1412 tam
2091 1351 2257 1410 uiuis
2280 1368 2471 1428 quam
2508 1348 2827 1411 defunctis
2857 1351 3107 1413 tradidit
3137 1369 3252 1412 sco
3282 1350 3609 1413 Bonifacio
3640 1355 3881 1430 specia-

1093 1445 1233 1504 liter
1276 1445 1340 1501 in
1381 1440 1532 1499 usus
1575 1437 1830 1497 fratrum
1871 1434 2244 1496 fuldensium
2285 1452 2370 1495 ex
2415 1434 2811 1496 hereditariis
2853 1443 3182 1515 parentum
3232 1437 3481 1498 suorum
3518 1436 3703 1497 bouis
3736 1444 3879 1497 octo

1101 1523 1324 1602 (167⁹)
1355 1523 1562 1584 hubas
1583 1526 1647 1581 in
1677 1521 2113 1602 Negestete.
2147 1536 2288 1579 cum
2312 1518 2568 1580 dimidia
2596 1528 2776 1597 parte
2807 1521 3076 1581 ecclesie
3108 1528 3171 1581 et
3194 1520 3288 1579 XX
3310 1522 3656 1599 mancipiis.
3688 1522 3883 1581 Facta

1095 1610 1234 1670 sunt
1263 1611 1456 1689 igitur
1485 1607 1608 1666 hec
1640 1608 1870 1665 omnia.
1904 1620 2072 1663 anno
2104 1602 2419 1663 dominice
2442 1605 2909 1664 incarnationis.
2940 1604 3044 1665 Μ’.
3071 1604 3375 1666 uxxvn.
3407 1605 3741 1686 Regnante
3770 1604 3882 1665 do-

1093 1696 1265 1755 mino
1294 1692 1654 1753 Lethario
1683 1692 2062 1767 imperatore
2091 1687 2309 1748 mense
2337 1691 2511 1748 iunio
2533 1693 2823 1765 proxima
2856 1688 2957 1749 die
2982 1690 3117 1768 post
3155 1689 3389 1750 festum
3432 1694 3527 1749 sci
3550 1688 3877 1751 Bonifacii.

1093 1780 1394 1838 Preterea
1422 1776 1589 1835 idem
1622 1772 1996 1833 Gerlahus
2029 1772 2108 1833 de
2139 1771 2352 1832 tulba
2380 1772 2799 1833 ministerialis
2822 1773 3010 1833 huius
3043 1774 3312 1834 ecclesie
3341 1773 3614 1834 seorsum
3660 1773 3891 1835 ceteris

1093 1862 1387 1923 omnibus
1419 1877 1544 1936 que
1575 1858 1899 1916 obtulerat.
1931 1855 2214 1934 predium
2245 1854 2560 1935 quoddam
2592 1860 2654 1916 in
2685 1858 2925 1918 Koten
2973 1858 3141 1937 quod
3182 1859 3260 1917 ab
3305 1858 3404 1919 his
3438 1859 3667 1936 quibus
3698 1858 3884 1917 here-

1095 1948 1288 2007 ditate
1318 1945 1602 2023 legitime
1624 1941 2025 2019 proprietatis
2049 1942 2397 2000 obuenerat
2426 1938 2572 2001 dato
2596 1945 2811 2021 precio
2834 1943 3259 2019 coemptionis
3282 1942 3654 2002 redemerat.
3686 1942 3882 2002 libera

1096 2038 1160 2091 et
1191 2028 1470 2089 absoluta
1498 2027 1809 2104 potestate
1840 2028 1902 2084 in
1935 2023 2108 2084 usum
2141 2024 2400 2084 fratrum
2432 2026 2535 2084 sce
2567 2024 2869 2085 fuldensis
2902 2027 3171 2087 ecclesie
3202 2026 3282 2086 ob
3314 2033 3598 2086 eternam
3631 2027 3721 2085 sui
3754 2044 3884 2085 me-

1095 2116 1356 2175 moriam
1388 2110 1714 2192 delegauit
1745 2128 1860 2169 sco
1891 2113 2127 2170 martiri
2155 2108 2505 2169 Bonifacio.
2538 2126 2619 2168 ea
2650 2110 3044 2170 condicione.
3078 2117 3144 2169 ut
3174 2111 3401 2170 fratres
3424 2110 3723 2187 sepedicti
3754 2128 3885 2168 mo-

1094 2198 1352 2257 nasterii
1379 2196 1514 2273 post
1557 2201 1820 2254 mortem
1853 2197 1994 2254 eius
2027 2197 2088 2253 in
2122 2192 2223 2253 die
2256 2194 2669 2252 anniuersarii
2714 2197 2856 2254 eius
2902 2196 3229 2255 caritatem
3267 2194 3415 2254 inde
3454 2194 3780 2253 haberent.
3822 2202 3887 2252 et

1097 2280 1504 2342 fraternitatis
1527 2298 1743 2339 eorum
1777 2279 2165 2338 orationibus
2196 2278 2485 2337 adiuuari
2516 2285 2726 2357 queat.
2774 2286 2837 2337 et
2870 2278 3073 2341 fidelis
3106 2281 3249 2338 eius
3291 2277 3521 2337 oblatio
3569 2276 3649 2337 ad
3680 2295 3887 2337 recor-

1097 2366 1414 2427 dationem
1449 2365 1538 2425 sui
1580 2370 1642 2421 et
1689 2362 1768 2421 ad
1808 2362 2328 2439 interpellandum
2368 2380 2482 2438 pro
2524 2378 2603 2420 eo
2652 2364 2951 2424 summum
2992 2361 3263 2422 iudicem
3304 2361 3623 2440 predictos
3671 2359 3895 2420 fratres

1097 2449 1309 2527 sepius
1337 2466 1412 2507 ac
1446 2445 1776 2506 studiosius
1808 2448 2119 2505 incitaret.
2152 2446 2245 2503 He
2277 2464 2435 2525 ergo
2469 2447 2691 2505 omnes
2712 2446 3082 2506 traditiones
3106 2464 3145 2505 a
3175 2445 3344 2506 fideli
3375 2450 3509 2506 uiro
3542 2443 3886 2505 Gerlaho.

1097 2542 1162 2595 et
1195 2551 1233 2591 a
1263 2532 1383 2593 deo
1417 2530 1648 2591 deuota
1680 2534 1821 2590 eius
1855 2529 2095 2588 femina
2121 2536 2380 2605 peracte
2415 2530 2551 2586 sunt
2580 2532 2643 2587 in
2686 2529 2859 2588 fulda
2888 2528 2969 2588 ad
2997 2536 3241 2606 portam
3284 2533 3383 2589 sci
3423 2532 3581 2607 petri
3628 2529 3888 2607 apostoli

1099 2634 1314 2679 coram
1345 2617 1574 2676 abbate
1603 2615 1982 2671 Heinrico.
2031 2618 2094 2670 et
2133 2613 2382 2669 cunctis
2430 2610 2725 2670 fratribus
2768 2610 3067 2671 fuldensis
3101 2616 3645 2693 congregationis.
3693 2614 3887 2673 Cuius

1105 2699 1458 2760 traditionis
1485 2704 1548 2757 et
1577 2696 1918 2776 prescripto
1950 2693 2329 2755 conditionis
2350 2695 2542 2754 testes
2567 2694 2745 2755 fuere
2784 2695 3072 2774 prefatus
3122 2696 3395 2756 domnus
3430 2697 3629 2757 abbas
3658 2697 3890 2756 Hein-

1099 2787 1332 2844 ricus.
1372 2780 1898 2842 werenherus
1933 2779 2239 2839 decanus.
2285 2779 2710 2839 Berthohus
2750 2780 3123 2858 prepofitus.
3164 2780 3561 2841 cunradus
3606 2799 3890 2841 camera-

1099 2870 1242 2928 rius.
1274 2865 1697 2947 Sigifridus
1721 2866 2013 2924 ostiarius
2051 2864 2433 2923 monasterii.
2474 2864 2907 2944 Trageboto
2939 2863 3210 2945 lagicus.
3259 2870 3323 2926 et
3362 2865 3467 2925 alii
3512 2866 3683 2925 multi
3714 2868 3890 2925 mini-

1103 2952 1391 3014 steriales
1425 2950 1714 3011 ecclesie.
1745 2948 2044 3009 videntes
2065 2950 2280 3026 itaque
2306 2946 2532 3008 fratres
2554 2956 2791 3009 tantam
2818 2948 3219 3010 deuotionem
3244 2952 3360 3011 uiri
3392 2950 3721 3020 et,femine
3745 2952 3895 3029 quia

1105 3054 1248 3099 cum
1279 3035 1571 3096 omnibus
1614 3051 1739 3113 que
1782 3033 2136 3092 habuerant
2177 3032 2256 3091 ad
2297 3033 2482 3092 deum
2524 3033 2967 3112 confugerant.
3008 3035 3311 3095 iusserunt
3347 3037 3468 3095 hec
3509 3038 3722 3094 omnia
3760 3033 3894 3094 dili-

1101 3129 1330 3204 genter
1359 3124 1423 3180 in
1457 3125 1632 3180 carta
1661 3117 1969 3179 conscribi
1999 3123 2063 3176 et
2095 3116 2294 3196 sigillo
2325 3118 2427 3178 sci
2446 3115 2757 3176 Bonifacii
2784 3121 3030 3194 patroni
3062 3120 3250 3178 nostri
3282 3118 3547 3179 fideliter
3568 3120 3872 3200 insigniri.

1545 3337 1766 3415 (¹76⁸)
1807 3338 1930 3408 70.
1968 3335 2074 3407 De
2112 3334 2478 3409 oblatione
2514 3333 2854 3409 Berthohi
2889 3338 2963 3408 in
3000 3334 3365 3411 Ascbeche
3393 3335 3479 3416 ¹).

1285 3556 1574 3618 Omnium
1623 3553 1900 3616 fidelium
1949 3554 2156 3616 christi
2211 3561 2427 3633 pateat
2479 3558 2847 3636 cognitioni.
2897 3557 3212 3636 quatenus
3260 3575 3402 3616 cum
3456 3557 3904 3616 Berhtoldus

1107 3641 1362 3724 quidam
1393 3641 1575 3700 miles
1597 3640 1826 3700 nobilis
1857 3646 1921 3698 et
1949 3640 2238 3700 strenuus
2269 3639 2350 3700 de
2387 3641 2458 3699 Is
2467 3643 2591 3700 ina
2606 3640 2747 3701 cha
2785 3645 2850 3701 in
2881 3641 3190 3701 Boemia
3226 3641 3615 3702 occubuisset
3658 3641 3893 3722 gladio.

1107 3725 1383 3788 heredes
1405 3725 1571 3785 illius
1601 3726 1768 3784 bene
1807 3725 2122 3784 memores
2153 3724 2433 3785 defuncti
2464 3728 2597 3786 cari
2637 3727 2745 3786 sui.
2788 3744 3019 3805 corpus
3067 3729 3208 3786 eius
3251 3725 3331 3786 ad
3372 3726 3737 3787 uenerabile
3779 3725 3895 3785 ful-

1110 3810 1304 3870 dense
1329 3811 1772 3869 monasterium
1790 3809 2172 3870 transsatum.
2193 3811 2452 3888 supplici
2476 3828 2669 3890 prece
2692 3813 3005 3892 rogabant
3024 3810 3253 3871 fratres
3279 3811 3565 3872 eiusdem
3586 3811 3898 3870 monaste-

1111 3892 1204 3955 rii.
1236 3901 1304 3953 ut
1320 3896 1636 3953 memores
1652 3893 2064 3974 dignarentur
2088 3895 2188 3954 ess
2185 3913 2222 3954 e
2247 3892 2527 3957 defuncti
2551 3898 2683 3956 cari
2713 3896 2823 3956 sui.
2852 3903 2916 3956 et
2951 3913 3063 3974 pro
3085 3896 3471 3956 absolutione
3495 3895 3662 3956 illius
3688 3899 3898 3956 anime

1111 3979 1466 4039 oblationes
1499 3979 1646 4038 fuas
1686 3977 2098 4058 dignarentur
2128 3980 2461 4057 suscipere.
2495 3986 2686 4058 atque
2718 3983 2860 4040 eius
2901 3982 3131 4058 corpus
3155 3999 3297 4041 cum
3344 3981 3576 4041 ceteris
3608 3979 3899 4041 fidelibus

1110 4066 1175 4124 in
1208 4066 1514 4125 cimiterio
1548 4063 1816 4124 ecclesie
1848 4063 2132 4142 sepelire.
2165 4063 2437 4138 Quorum
2458 4065 2877 4142 peticionibus
2912 4064 3140 4125 fratres
3162 4068 3520 4126 monasterii
3551 4063 3907 4126 annuentes

1114 4156 1176 4208 et
1199 4150 1378 4209 solita
1398 4151 1634 4227 pietate
1656 4148 2142 4209 misericordiam
2167 4149 2553 4210 adhibentes.
2570 4147 2990 4210 decreuerunt
3012 4167 3229 4210 eorum
3252 4150 3605 4210 oblationes
3618 4151 3900 4230 benigne

1115 4234 1445 4312 suscipere.
1478 4241 1541 4294 et
1571 4235 1704 4294 cari
1735 4233 1824 4292 sui
1855 4251 2087 4312 corpus
2119 4232 2330 4296 debita
2360 4252 2502 4294 cum
2547 4237 2963 4294 ueneratione
3009 4233 3275 4294 studiose
3319 4238 3383 4295 in
3430 4239 3587 4296 atrio
3631 4235 3901 4296 ecclesie

1114 4317 1378 4395 sepelire
1411 4321 1810 4398 animamque
1850 4317 2018 4378 illius
2060 4317 2341 4379 officiose
2383 4316 2505 4378 deo
2550 4318 3014 4380 commendare.
3061 4319 3365 4398 Suscepto
3408 4321 3599 4400 igitur
3638 4335 3903 4398 corpore
3928 4326 3943 4331 ’

1049 4417 1058 4432 ‘
1113 4403 1569 4481 celebratisque
1603 4406 1896 4482 exequiis
1929 4421 2014 4464 ex
2043 4421 2218 4463 more
2251 4401 2669 4481 sollempniter
2698 4405 3007 4482 impensis.
3042 4405 3341 4482 parentes
3375 4409 3518 4465 eius
3547 4412 3613 4463 et
3641 4405 3903 4483 cognati

1113 4505 1256 4548 cum
1287 4485 1677 4550 multitudine
1717 4487 1976 4548 militum
2020 4491 2129 4569 qui
2173 4488 2438 4550 aderaut
2478 4487 2863 4550 accedentes
2902 4488 2982 4551 ad
3028 4489 3225 4550 altare
3265 4492 3361 4550 sei
3398 4487 3707 4549 Bonifacii
3736 4503 3903 4546 mar-

1256 4731 1304 4796 ¹)
1332 4733 1558 4784 Schanu.
1583 4733 1764 4782 tradit.
1790 4731 1906 4784 045.
1965 4747 1973 4750 ·
