4821 5976
2068 840 2223 921 Cap.
2272 839 2373 899 62.
2406 837 2510 899 63.
3622 840 3745 901 141

950 1015 1323 1079 iudicentur.
1366 1014 1584 1073 Preter
1629 1008 1749 1071 bos
1790 1010 2112 1089 principes
2142 1006 2630 1069 inbeneficiatos
2681 1008 2820 1069 sunt
2875 1008 2980 1069 alii
3017 1024 3209 1087 quam
3252 1009 3500 1088 plurimi
3535 1008 3748 1072 duces.

950 1098 1368 1161 marchiones.
1413 1098 1696 1175 palatini.
1739 1097 2018 1156 comites.
2061 1094 2373 1156 aduocati.
2415 1093 2642 1154 tribuni
2691 1096 3016 1172 ceterique
3063 1095 3383 1173 principes
3422 1096 3748 1158 saxonum.

950 1186 1301 1245 Bassorum.
1335 1182 1773 1263 Turingorum.
1802 1180 2184 1242 francorum.
2214 1179 2728 1239 Alamannorum.
2753 1178 3088 1238 fresonum.
3113 1179 3572 1261 Lutringorum.
3600 1182 3752 1241 alia-

952 1286 1219 1347 rumque
1248 1269 1715 1348 prouinciarum
1747 1266 2049 1344 primates
2072 1272 2138 1324 et
2156 1263 2409 1325 domini.
2444 1263 2626 1324 bonis
2651 1264 2750 1323 sci
2769 1262 3080 1323 Bonifacii
3108 1264 3556 1328 inbeneficiati.
3589 1264 3760 1339 Quos

952 1354 1267 1417 condecet
1296 1351 1483 1412 fidem
1518 1358 1581 1411 et
1610 1350 2009 1411 deuotionem
2038 1352 2418 1410 conseruare
2449 1348 2597 1408 huic
2627 1349 3025 1414 monasterio.
3061 1354 3124 1407 et
3155 1349 3486 1410 abbatibus
3534 1358 3598 1410 et
3627 1350 3752 1413 sra-

950 1440 1151 1499 tribus
1184 1438 1305 1497 deo
1338 1436 1605 1497 studiose
1635 1435 1739 1496 hic
1770 1436 2244 1496 famulantibus.
2285 1434 2361 1493 Et
2388 1432 2473 1493 ne
2505 1433 2734 1513 aliquis
2756 1431 3104 1513 legentium
3137 1432 3380 1493 estimet
3424 1435 3503 1495 ad
3545 1433 3754 1497 detra-

952 1526 1227 1587 ctionem
1257 1524 1367 1583 scu
1399 1519 1831 1582 confusionem
1871 1521 1994 1581 hec
2041 1518 2174 1579 esse
2218 1516 2872 1596 scripta.cons1deret
2909 1536 3066 1577 uera
3113 1518 3246 1578 esse
3287 1536 3414 1598 que
3465 1519 3750 1583 diximus.

948 1610 1171 1669 Nonne
1216 1605 1699 1687 Landegrauius
1744 1613 1809 1666 et
1849 1605 2017 1665 filius
2059 1603 2332 1665 Cunradi
2376 1604 2554 1683 regis
2589 1603 2994 1682 plurimorum
3039 1605 3390 1681 principum
3437 1605 3755 1666 beneficia

950 1694 1065 1754 fibi
1102 1699 1572 1754 contraxerunt.
1616 1698 1680 1751 et
1724 1691 1930 1752 adbuc
1970 1684 2225 1750 sitiunt?
2278 1688 2480 1747 Simili
2516 1687 2702 1748 modo
2746 1694 2808 1746 et
2852 1688 2954 1747 alii
2995 1689 3170 1749 multi
3216 1691 3523 1751 allaricie
3535 1691 3753 1750 inorbo

950 1778 1249 1840 deuincti.
1282 1779 1527 1876 semper
1556 1775 1817 1837 inhiant.
1850 1783 1915 1834 ut
1946 1776 2119 1835 suam
2162 1774 2569 1852 cupiditatem
2613 1772 2919 1851 repleant.
2953 1780 3016 1833 et
3045 1779 3258 1834 tamen
3289 1775 3487 1833 uelint
3526 1776 3744 1852 (157·)

952 1864 1173 1924 nolint.
1206 1864 1419 1922 omnia
1448 1861 1794 1921 morientes
1814 1860 1919 1921 hic
1957 1859 2332 1938 relinquent.
2378 1856 2496 1930 Qui
2536 1858 2584 1917 fi
2628 1856 2816 1919 fldem
2859 1859 3182 1918 seruarent
3225 1859 3494 1919 ecclesie
3541 1867 3604 1921 et
3643 1878 3755 1939 pro

955 1948 1178 2009 domus
1202 1945 1307 2007 dei
1336 1947 1695 2007 laborarent
1724 1945 2113 2007 defensione.
2155 1945 2403 2023 possent
2434 1943 2606 2022 spem
2646 1942 2885 2003 habere
2917 1940 2998 2003 de
3029 1943 3198 2002 beati
3227 1942 3538 2005 Bonifacii
3567 1949 3759 2005 inter-

956 2035 1279 2093 uentione.
1332 2032 1509 2091 Nunc
1558 2038 1767 2091 autem
1818 2037 1884 2089 ut
1939 2029 2111 2090 saluo
2156 2030 2398 2090 honore
2451 2046 2667 2087 eorum
2710 2029 3015 2089 dicamus,
3060 2031 3210 2108 quia
3254 2046 3381 2088 ιιοιι
3429 2030 3760 2091 attendunt

956 2124 1196 2197 quanta
1226 2118 1576 2177 auctoriate
1608 2133 1860 2175 acorum
1893 2123 2137 2192 patrum
2168 2113 2498 2175 fundatum
2530 2114 2618 2174 est
2647 2113 2770 2174 boc
2800 2109 3260 2185 monasterium.
3294 2116 3551 2195 quantis
3569 2118 3760 2192 priui-

959 2202 1150 2281 legiis
1176 2208 1238 2261 ct
1266 2201 1496 2261 bannis
1520 2200 2001 2278 apostolicorum
2030 2196 2468 2259 confirmatum
2501 2200 2592 2258 est
2623 2198 2742 2259 hoc
2777 2198 3139 2258 uenerabile
3172 2198 3526 2259 cenobium.
3549 2216 3760 2278 quan-

954 2290 1041 2347 tis
1085 2286 1403 2363 preceptis
1434 2302 1657 2364 regum
1702 2294 1765 2344 et
1805 2286 2251 2363 imperatorum
2292 2282 2652 2344 roboratum
2703 2284 2793 2343 est
2843 2281 2966 2342 hoc
3011 2282 3443 2364 religiosorum
3483 2286 3760 2345 uirorum

890 2407 899 2411 -
958 2370 1317 2452 collegium.
1341 2372 1595 2449 quantis
1615 2370 1869 2446 insuper
1886 2370 2317 2446 episcoporum
2342 2367 2953 2447 archiepiscoporum
2974 2366 3385 2429 cardinalium
3405 2377 3758 2429 ceterorum

890 2472 905 2489 ⁴
960 2458 1313 2515 sanctorum
1346 2457 1621 2514 uirorum
1645 2453 2193 2514 benedictionibus
2211 2453 2648 2513 consecratum
2680 2460 2743 2511 et
2773 2452 3122 2513 ordinatum
3148 2452 3237 2513 est
3260 2452 3382 2513 hoc
3405 2453 3758 2516 claustrum.

957 2539 1304 2601 timendum
1346 2540 1457 2597 est.
1500 2558 1583 2597 ne
1615 2538 1751 2616 post
1780 2544 2043 2597 terrena
2081 2538 2249 2609 bona
2278 2536 2634 2598 inordinate
2676 2542 3016 2617 concupita
3057 2545 3343 2599 eternam
3373 2539 3762 2601 maledictio-

960 2644 1106 2685 nem
1138 2622 1305 2703 quod
1336 2622 1493 2684 absit
1521 2623 1873 2684 inueniant.

970 2878 1251 2951 63.1sti
1286 2888 1455 2951 suut
1482 2876 1849 2977 principes
1876 2881 1995 2975 qui
2022 2873 2289 2953 nostris
2304 2875 2750 2977 temporibus
2768 2876 3114 2951 beneficia
3139 2878 3471 2953 uidentur
3505 2878 3772 2955 habere

1006 3022 1013 3038 ·
1178 2982 1267 3054 de
1302 2980 1443 3055 hoc
1480 2980 1904 3056 monasterio
1942 2978 2247 3055 fuldenfi
2279 2975 2369 3056 1).

1141 3204 1277 3281 Ipse
1309 3207 1649 3280 imperator
1678 3197 2126 3259 Fridericus.
2173 3201 2278 3279 qui
2320 3196 2638 3279 quondam
2681 3196 2828 3258 dux.
2877 3197 3234 3261 nobilissimi
3274 3202 3453 3264 ducis
3475 3203 3775 3268 Friderici

972 3287 1152 3348 filius.
1186 3289 1294 3366 qui
1325 3305 1451 3346 non
1483 3284 1677 3345 solum
1709 3285 1908 3363 patris
1927 3283 2309 3345 beneficium
2350 3288 2418 3345 in
2451 3283 2724 3344 alsatia
2763 3282 2996 3344 habuit.
3032 3284 3139 3345 sed
3187 3292 3249 3345 et
3279 3287 3577 3367 Dipoldi
3609 3309 3776 3350 mar-

971 3372 1219 3434 chionis
1235 3370 1613 3433 beneficium
1640 3371 1859 3431 tenuit.
1891 3370 2031 3429 Dux
2055 3373 2247 3430 etiam
2277 3367 2722 3430 Fridericus
2746 3368 2910 3429 filius
2934 3368 3310 3432 chunradi
3341 3374 3519 3452 regis
3537 3375 3774 3453 septem

969 3459 1323 3540 principum
1355 3456 1673 3518 beneficia
1702 3454 1781 3516 de
1811 3454 1934 3515 hoc
1968 3455 2230 3514 fuldensi
2264 3457 2529 3516 obtinuit
2558 3453 2958 3522 monasterio.
2999 3455 3278 3516 Mai-chio
3308 3457 3774 3520 Adelbertus

969 3561 1099 3604 non
1133 3541 1327 3603 solum
1362 3542 1535 3602 suum
1568 3540 1673 3601 sed
1706 3547 1767 3600 et
1801 3540 2060 3600 aliorum
2104 3544 2454 3620 principum
2498 3541 2760 3601 obtinuit
2802 3540 3133 3602 beneficia.
3189 3539 3357 3602 Otto
3397 3544 3678 3604 marchio
3710 3547 3776 3604 in

974 3629 1261 3688 orientali
1295 3629 1424 3687 sax
1443 3630 1637 3687 onia.
1671 3626 2094 3706 Ludewigu
2113 3627 2142 3685 s
2159 3625 2616 3708 landegrauius
2639 3625 2783 3705 plus'
2810 3627 3102 3686 omnibus
3128 3626 3359 3687 habet
3341 3648 3406 3688 ιιι
3432 3629 3770 3689 beneficiis.

972 3713 1238 3773 Palatini
1282 3713 1425 3774 duo.
1466 3730 1634 3772 unus
1676 3712 1755 3773 de
1796 3729 1998 3771 reno.
1999 3674 2204 3771 ealter
2255 3712 2334 3771 (le
2376 3711 2727 3773 danubio.
2772 3710 3064 3790 Rapoto
3119 3713 3350 3773 comes.
3397 3715 3775 3776 Perhtolfi

972 3799 1221 3859 comitis
1243 3797 1409 3858 filius
1444 3797 1523 3857 de
1555 3797 2085 3857 Hennenberc.
2126 3795 2590 3857 Lndewicus
2638 3795 2856 3857 comes
2891 3796 2970 3856 de
3012 3797 3384 3879 Rinegge.
3431 3799 3777 3861 Ludewi-

974 3884 1110 3941 cus
1134 3883 1352 3942 comes
1375 3883 1455 3942 de
1485 3881 1698 3941 Lara.
1732 3881 2418 3941 Gerharduscomes
2441 3880 2520 3941 de
2560 3882 2955 3962 Nuringes.
3001 3882 3674 3946 Gerharduscomes
3698 3885 3776 3946 de

974 3965 1411 4027 wertheim.
1466 3961 1909 4026 Gotefridus
1946 3968 2165 4026 comes
2199 3974 2262 4026 et
2307 3967 2659 4027 aduncatus
2714 3967 3003 4029 ecclesie.
3052 3975 3112 4028 et
3156 3968 3262 4028 filii
3305 3972 3456 4030 eius.
3499 3979 3562 4030 et
3607 3969 3775 4030 filius

974 4047 1187 4112 fratris
1238 4054 1379 4110 eius
1412 4050 1613 4110 Rufus
1646 4070 1886 4111 comes,
1920 4052 2371 4112 Perhtoldus
2396 4053 2614 4112 comes
2637 4049 2718 4112 (le
2747 4053 3034 4113 Nitehe.
3069 4060 3133 4113 et
3169 4054 3277 4114 alii
3305 4055 3502 4114 liberi.
3544 4053 3732 4132 (157b
3737 4058 3768 4130 )

974 4135 1479 4197 Herimannus
1504 4155 1722 4196 comes
1757 4136 1835 4196 de
1868 4137 2343 4198 Bramberch.
2388 4136 2900 4198 willihelmus
2942 4156 3182 4198 comes,
3227 4137 3522 4200 Emicho
3565 4141 3783 4203 comes
3897 4177 3914 4196 s

976 4220 1056 4281 de
1088 4221 1457 4300 liningen.-
1499 4221 1745 4282 Erwin
1788 4240 2007 4282 comes
2042 4223 2120 4282 de
2152 4223 2538 4303 Turingia.
2573 4223 2768 4300 Syzo
2815 4223 3044 4282 comes.
3085 4223 3528 4285 Gotesridus
3566 4227 3783 4287 comes

977 4305 1151 4365 urbis
1185 4304 1265 4365 de
1296 4306 1751 4366 Nurenbercss
1786 4309 1953 4367 Giso
1987 4325 2226 4368 comes.
2261 4307 2754 4387 Marquardus
2778 4307 2858 4368 de
2890 4305 3328 4369 Grumbach.
3361 4310 3772 4372 Heinricus

976 4388 1057 4451 de
1098 4389 1727 4451 Stechelenberc.
1778 4393 1949 4452 Giso
1992 4393 2071 4453 de
2119 4393 2472 4458 lazzaha.
2509 4391 2982 4453 Wernherus.
3014 4391 3266 4472 Boppo
3315 4402 3378 4455 et
3423 4397 3773 4456 Gotebol-

949 4467 1118 4535 'dus
1142 4475 1221 4534 de
1260 4475 1974 4538 Irmenolteshusen.
2009 4479 2312 4559 Wicger
2344 4477 2424 4538 de
2455 4477 2870 4556 warperch.
2912 4477 3379 4560 Ludewigus
3425 4481 3502 4540 de
3544 4481 3774 4540 Fran·

981 4641 1245 4650 ---—-.----—-

1126 4733 1170 4794 ι)
1202 4733 1375 4796 Vergl.
1406 4733 1659 4781 clientela
1686 4731 1835 4779 Fuld.
1862 4745 1910 4794 p.
1946 4731 2035 4780 ¹97
2068 4734 2173 4780 und
2200 4733 2314 4780 217.
