4821 5976
2062 887 2216 973 Cap.
2264 891 2369 955 45.
2400 888 2506 955 46.
2659 962 2672 977 ἱ
3391 986 3396 991 ν
3543 890 3701 988 181-

1060 1061 1159 1125 19.
1188 1064 1281 1127 ne
1312 1062 1773 1125 Starinbach
1806 1064 1953 1125 .1111.
1992 1058 2325 1127 uxorius
2345 1063 2607 1127 totidem
2645 1060 2852 1125 hubas
2881 1063 3212 1127 habentor,
3239 1064 3368 1126 1111.
3401 1050 3588 1140 nelei·
3609 1074 3676 1130 ot

880 1143 1005 1213 XII.
1035 1148 1195 1212 ouer
1215 1150 1599 1231 persoluent.
1626 1152 1898 1231 Insuper
1925 1150 2023 1211 XX
2050 1151 2229 1213 libori
2260 1166 2405 1214 cum
2436 1150 2700 1235 singulti·
2719 1151 2934 1232 porcis
2964 1150 3160 1211 tinum
3197 1150 3458 1215 totidem
3487 1153 3676 1216 libra·

880 1254 1019 1299 rum
1048 1240 1115 1299 et
1140 1238 1391 1318 pannos
1411 1236 1689 1319 lingulas
1711 1236 1999 1299 reddunt.

1054 1323 1161 1385 20.
1188 1325 1283 1386 De
1310 1324 1617 1405 Repperi
1633 1322 1865 1385 husen
1898 1324 2045 1385 ..1111
2082 1326 2510 1387 mansionarii.
2549 1324 2976 1405 unusquirque
3004 1324 3250 1385 illorum
3277 1324 3444 1387 XXX.
3477 1324 3676 1389 dena·-

880 1407 1023 1473 riol'.
1056 1416 1120 1471 et
1149 1429 1343 1471 unum
1373 1429 1634 1491 porcum
1672 1410 1893 1472 reddit.
1934 1411 2027 1472 De
2056 1412 2339 1473 Motten
2371 1410 2518 1473 ..1111
2549 1408 2955 1513 mansionarii
2983 1406 3242 1503 totidem
3273 1406 3676 1489 denariorum

882 1493 993 1559 tol.
1023 1503 1089 1558 et
1115 1496 1215 1557 XV
1244 1496 1543 1559 denarios
1563 1514 1679 1577 pro
1708 1515 1853 1559 oue.
3715 1500 3722 1511 “

1057 1580 1161 1647 21,
1191 1583 1283 1644 De
1312 1582 1779 1646 Michelowa
1810 1584 2878 1667 ,IIII.manssona1-Ii.unu1'quifque
2905 1582 3150 1645 illorum
3177 1583 3326 1643 XXX
3351 1584 3674 1649 denarios.

882 1668 1142 1731 Summa
1172 1668 1572 1731 denariorum
1601 1670 1753 1731 XXII
1782 1673 1989 1733 uncie.
2023 1678 2087 1734 et
2116 1670 2291 1732 VIIII.
2322 1668 2540 1733 denar.

1044 1754 1161 1818 22,
1190 1757 1283 1817 De
1314 1756 1839 1821 ditolfiesrode
1871 1758 1965 1820 ..Π
1992 1760 2420 1820 mansionarii.
2447 1756 2708 1823 totidem
2737 1768 2972 1837 porcos
3002 1754 3288 1819 reddunt.

1056 1841 1163 1904 23,
1207 1844 1303 1904 De
1344 1845 1757 1906 wizenbah
1804 1846 1897 1906 ..II
1942 1846 2367 1906 mansionarii.
2415 1862 2561 1907 cum
2605 1841 2869 1927 siugulis
2906 1841 3118 1923 porcis
3155 1840 3341 1906 ..XXX
3367 1842 3686 1907 denar-iot

881 1926 1169 1993 reddunt.
1198 1929 1293 1990 De
1320 1930 1715 1992 Scundero
1747 1932 1839 1993 .Π,
1870 1934 2295 1995 mansionarii.
2328 1932 2754 2013 unusquisque
2785 1945 3000 1992 eorum
3019 1928 3182 1991 ..Lvl
3216 1928 3515 1992 denarios
3537 1931 3678 1994 red-

880 2015 988 2079 dit.
1020 2015 1113 2077 De
1142 2014 1605 2079 deitenbach
1640 2018 1732 2077 ..11
1762 2018 2187 2081 mannonarii.
2212 2017 2478 2099 quisque
2511 2036 2729 2079 eorum
2759 2013 2903 2079 LVI.
2951 2014 3249 2078 denarios
3279 2017 3678 2097 persoluenS.

879 2101 973 2163 De
1002 2101 1516 2165 Cedenbunes
1547 2107 1829 2185 quinque
1880 2104 2290 2167 manfionarii
2334 2104 2505 2167 svm.
2551 2106 2770 2167 titulat
2803 2100 3009 2165 mellis
3051 2110 3116 2165 et
3154 2102 3230 2163 XI
3275 2098 3500 2166 uncia?
3534 2120 3682 2185 per-

812 2211 817 2219 ·
880 2188 1215 2249 soluentes.

1058 2274 1161 2336 24.
1192 2275 1285 2335 De
1315 2274 1453 2337 Bre
1468 2274 1835 2338 1tenbaoh
1860 2277 2105 2338 ..XVIIII
2134 2275 2538 2339 manfionarii
2569 2276 2828 2339 totidem
2857 2276 3101 2357 porcos.
3133 2282 3199 2337 et
3225 2274 3488 2339 totidem
3515 2279 3683 2339 arie-

880 2361 984 2422 tes
1013 2360 1395 2441 perseluunt.
1446 2362 1539 2423 De
1584 2362 1882 2423 Sclauis
1918 2363 2150 2426 ibidem
2180 2366 2717 2437 commorantibus
2750 2361 2948 2423 .VI.III
2979 2364 3134 2425 libre
3164 2358 3296 2423 lini.
3327 2370 3392 2423 et
3417 2359 3681 2425 totidem

880 2445 1075 2509 modii
1106 2464 1335 2509 auene.
1368 2455 1433 2509 et
1460 2448 1717 2527 paltene
1742 2448 2005 2511 totidem
2027 2451 2367 2511 (eluuntur.
2398 2448 2472 2511 Et
2499 2444 2755 2531 insuper
2772 2450 2860 2511 Ν.
2887 2447 3018 2511 sicli
3047 2466 3161 2530 pro
3191 2448 3452 2511 hiemali
3481 2465 3680 2531 opere

880 2534 1209 2596 mulierum
1238 2532 1601 2595 redduntur.

1058 2619 1163 2681 25.
1193 2621 1287 2682 De
1316 2620 1652 2683 Bortaha
1680 2621 1903 2683 LXXVI
1932 2622 2127 2685 modii
2156 2622 2382 2683 dantur
2413 2620 2494 2685 ad
2523 2616 3042 2702 kunigerphuter.
3071 2622 3170 2683 De
3195 2618 3550 2703 felgelente
3561 2619 3680 2684 XX.

880 2706 974 2771 De
1005 2705 1363 2768 Sleitaha
1388 2706 1507 2769 XX.
1540 2706 1621 2769 de
1651 2709 2001 2791 selgeIente
2042 2709 2130 2770 ..X
2174 2710 2267 2771 De
2298 2708 2393 2789 Sp
2413 2708 2639 2771 anelo
2670 2706 2787 2769 XX.
2821 2708 2907 2768 de
2932 2708 3284 2792 selgelente
3315 2708 3383 2770 X.
3417 2708 3511 2770 De
3541 2710 3686 2770 Nu-

882 2794 1200 2855 emburc
1238 2792 1357 2855 XX.
1390 2788 1471 2855 de
1500 2795 1850 2877 telgelente
1880 2795 1967 2857 .X.
2009 2796 2099 2858 De
2140 2794 2522 2857 Geismare
2549 2792 2716 2855 XXX.
2761 2793 2854 2855 De
2883 2792 3155 2873 phorta
3184 2795 3494 2877 relglente
3513 2796 3681 2858 XXX.

882 2879 977 2941 De
1005 2880 1427 2959 promcello
1459 2882 1811 2964 selgelente
1832 2882 1999 2945 XXX.
2029 2884 2123 2943 De
2150 2880 2490 2944 Bienbah
2521 2888 2584 2942 et
2614 2878 3018 2941 Biembach
3049 2879 3536 2942 decimationem
3565 2900 3684 2962 per

882 2972 1081 3028 totum
1110 2964 1408 3030 officium.
1456 2969 1549 3031 De
1587 2966 2071 3032 Laterenbah
2112 2968 2213 3028 XL
2250 2966 2444 3030 modii
2485 2966 2732 3047 phuter.
2778 2964 2874 3027 De
2905 2962 3264 3029 owelaha
3293 2966 3434 3028 ..LII
3464 2968 3680 3031 modii.

881 3053 975 3115 Dc
1032 3053 1479 3135 wegefurte
1506 3055 1623 3116 XL.
1654 3056 1745 3115 De
1776 3056 2059 3115 Slitel'e
2093 3053 2229 3114 ..XX
2270 3055 2361 3117 De
2398 3054 2867 3133 phortenere
2898 3053 3096 3113 cello
3127 3050 3175 3112 X
3206 3053 3417 3116 modii.
3459 3061 3524 3114 et
3563 3070 3682 3135 per

881 3147 1080 3203 totum
1110 3139 1391 3201 officium
1424 3138 1549 3201 dez
1594 3139 1778 3200 futar.
1824 3141 1917 3202 De
1953 3140 2307 3200 Hemmen
2340 3139 2429 3201 ..Χ
2459 3137 2673 3200 modii.
2717 3138 2810 3198 De
2837 3133 3575 3202 vodelrichel'huf'en
3615 3144 3682 3204 et

881 3225 1527 3287 Hartratethuten
1557 3226 1675 3286 XX.
1704 3223 1917 3288 modii.

1072 3309 1291 3390 (148⁸)
1344 3309 1450 3374 26.
1492 3312 1585 3374 De
1614 3311 1909 3374 Berstat
1936 3311 2034 3372 XX
2062 3311 2255 3374 modii
2290 3318 2357 3372 et
2392 3311 2732 3374 decimatio
2771 3327 2888 3392 per
2926 3315 3126 3372 totum
3171 3308 3544 3394 felgelente.
3587 3311 3683 3374 De

880 3395 1140 3460 Eccile
1184 3397 1303 3460 XX.
1342 3397 1555 3462 modii.
1598 3407 1663 3460 et
1690 3399 2029 3462 decimatio
2058 3417 2176 3480 per
2203 3405 2404 3460 totum
2435 3399 2764 3481 reiglente.
2803 3398 2895 3459 De
2929 3395 3531 3460 Euchelenheim
3569 3398 3680 3461 de-

883 3485 1141 3547 cimatio
1184 3503 1303 3564 per
1348 3491 1571 3560 totum.
1626 3487 1721 3548 De
1756 3485 2357 3548 Richolfel'heim
2402 3485 2738 3548 decimatio
2771 3501 2890 3565 per
2921 3491 3116 3546 totum
3156 3484 3527 3568 selgelente.
3585 3486 3680 3548 De

878 3569 1262 3632 Burnuffa
1295 3549 1633 3634 decimatio
1662 3592 1778 3654 per
1804 3581 2029 3635 totum
2040 3570 2107 3634 e't
2144 3573 2463 3634 forewerc
2507 3589 2650 3634 cum
2679 3573 2783 3632 XII
2825 3571 3024 3633 hubit'.
3067 3572 3160 3632 De
3191 3571 3526 3634 echicile
3557 3569 3677 3635 ..III

882 3657 1053 3720 hubo
1069 3657 1227 3720 Vlm
1252 3660 1485 3740 porcos
1506 3659 1661 3722 dare
1692 3659 1925 3722 debent
1957 3659 2039 3722 ad
2066 3659 2189 3722 hoc
2218 3659 2387 3722 idem
2419 3659 2714 3722 debitum.
2745 3661 2838 3720 De
2868 3657 3252 3720 Hurnuffa
3283 3660 3400 3720 0111.
3431 3653 3676 3739 porcos.

824 3761 831 3766 ·
878 3744 973 3806 De
1002 3745 1347 3807 Geisaha
1374 3747 1632 3808 XXXIIII
1658 3749 1901 3828 porcos.
1939 3748 2033 3808 De
2074 3747 2335 3810 Slitil'e
2374 3747 2577 3806 XXVII
2619 3759 2870 3826 porcos.
2903 3751 2968 3807 et
2995 3745 3142 3806 XXX
3171 3741 3534 3809 camisialia.
3585 3747 3681 3808 De

881 3829 1239 3894 Telbach.
1272 3835 1343 3893 et
1365 3832 1447 3894 dc
1474 3833 2079 3917 Bunigenberge
2106 3841 2173 3895 et
2202 3833 2283 3898 de
2314 3831 2650 3916 Cilbaeh.
2683 3832 2858 3896 etde
2889 3833 3031 3894 aliis
3051 3829 3422 3894 tocit'LXXX
3439 3833 3677 3896 uncias.

879 3915 973 3977 De
1005 3916 1311 3980 Suabun
1339 3919 1497 3980 XIIII
1525 3920 1766 4001 porcos.
1812 3922 1903 3982 De
1932 3919 2488 4003 Muonecgewe
2531 3921 2635 3981 XII
2677 3920 2918 4000 porcos.
2950 3918 3042 3980 De
3083 3919 3500 4002 Salegowe
3533 3921 3675 3982 ..vll

878 4021 1135 4083 porcos.
1165 4005 1257 4066 De
1287 4003 1790 4090 Bingenheim
1812 4008 1951 4069 ..XII
1976 4025 2231 4088 porcos.
2277 4008 2369 4068 De
2400 4007 2693 4067 omnibus
2727 4006 2956 4068 officiis
2975 4023 3092 4085 per
3133 4011 3328 4066 totam
3359 4005 3676 4068 abbatiam

880 4089 975 4152 ..11
1016 4089 1255 4170 porcos.
1288 4099 1354 4154 et
1380 4089 1431 4154 X
1460 4095 1633 4156 oues.
1675 4100 1742 4156 et
1782 4092 2038 4174 insuper
2082 4095 2289 4156 omnir
2324 4091 2664 4155 decimatio
2703 4107 3008 4172 pecorum
3051 4107 3180 4173 que
3217 4089 3565 4156 offeruntur
3597 4093 3678 4156 ad

880 4175 1082 4239 altare
1115 4182 1213 4241 sci
1234 4179 1567 4244 Bonifacii.
1588 4181 1727 4246 Hec
1757 4185 1971 4244 omnia
2004 4182 2149 4244 olim
2180 4181 2263 4244 ad
2298 4180 2586 4261 phortam
2619 4179 3022 4261 pertinebant
3041 4175 3130 4258 ¹).

1062 4478 1281 4562 (148·)
1322 4479 1426 4543 46,
1454 4477 1657 4560 Ηίαἳ)
1696 4479 2040 4565 subscripta
2080 4490 2228 4546 sunt
2257 4483 2517 4546 nomina
2559 4430 2853 4546 uillarum
2881 4489 3146 4568 quarum
3191 4479 3676 4546 decimationem
3765 4543 3778 4557 ⁴

877 4565 962 4627 Li
976 4585 1013 4627 u
1028 4565 1298 4648 pertus
1334 4567 1895 4650 archiepiscopus
1877 4591 1939 4632 ιιι
1966 4570 2065 4632 Τιι
2080 4573 2251 4654 ring
2265 4585 2470 4632 orum
2491 4570 2824 4650 prouincia
2852 4587 2893 4632 a
2911 4577 3232 4651 potestate
3259 4567 3676 4632 sciBonifacii

882 4653 1341 4736 archiepiscopi
1371 4662 1435 4717 et
1462 4660 1760 4739 martyris
1790 4659 2179 4740 temporibus
2212 4655 2626 4744 sigehardi
2657 4657 2904 4720 abbatis
2925 4655 3093 4720 malo
3117 4655 3336 4718 ordine
3367 4655 3676 4736 surripere
3720 4718 3731 4732 ,

1028 4832 1143 4898 1)8,
1166 4837 1301 4888 oben
1328 4852 1445 4902 cap.
1471 4839 1554 4888 36,
1570 4837 1621 4904 ²)
1652 4840 1827 4904 Vergl.
1854 4839 2087 4890 dioeces.
2114 4840 2262 4888 Fuld.
2294 4853 2345 4902 p.
2372 4838 2491 4900 239,
2515 4851 2606 4888 wo
2632 4838 2716 4890 dle
2740 4839 2990 4888 Urkunde
3013 4835 3284 4902 Ludwig’s
3307 4850 3360 4888 v.
3384 4835 3432 4886 J.
3457 4834 3558 4888 874
3585 4835 3675 4888 ft‘u·

881 4901 983 4953 den
1006 4904 1110 4954 ΑΜ
1135 4905 1381 4972 sigihard
1406 4907 1727 4974 mitgethesst
1748 4911 1837 4963 ist.
1861 4909 2061 4960 Ferner
2084 4909 2315 4958 Buchon.
2341 4913 2450 4958 vet.
2475 4917 2528 4972 p.
2555 4907 2671 4956 402.
2773 4930 2782 4948 ·
3035 4971 3154 5037 ¹⁷*
