4821 5976
3725 869 3810 914 VH

989 1041 1081 1104 Bl.
1114 1029 1475 1103 ‘toa-435¹·
1506 1041 1737 1125 fulgen
1774 1039 1879 1104 die
1908 1037 2506 1106 immunitatabriefe
2544 1037 2672 1101 und
2702 1037 3046 1104 Urkunden
3075 1037 3190 1102 der
3217 1038 3473 1124 Kiinige
3502 1039 3634 1104 und
3659 1041 3810 1104 Kai-

996 1159 1135 1219 ser3
1168 1144 1271 1207 die
1303 1145 1577 1206 Vorrede
1607 1145 1803 1205 lautet
1832 1159 1941 1206 sot
1971 1144 2291 1220 „Profatio
2322 1161 2519 1224 super
2548 1143 2770 1205 librum
2800 1142 2880 1204 de
2909 1145 3236 1222 preceptis
3266 1149 3332 1204 et
3357 1145 3805 1207 inmunicioni-

992 1243 1119 1309 bus
1140 1265 1365 1329 regum
1388 1255 1455 1309 et
1474 1249 1923 1326 imperatorum
1940 1248 2209 1328 qualiter
2220 1245 2591 1308 uenerabile
2613 1247 3010 1308 sanctissimi
3025 1244 3336 1306 Bonifacii
3349 1249 3807 1308 monasterium

994 1367 1141 1412 cum
1168 1353 1451 1412 maxima
1479 1351 1831 1429 principum
1861 1352 2238 1410 auctoritate
2268 1365 2309 1408 a
2336 1347 2676 1426 primordio
2711 1364 2924 1428 usque
2965 1347 3048 1408 ad
3085 1355 3308 1410 nostra
3335 1354 3625 1428 tempora
3651 1367 3808 1410 con-

989 1450 1304 1515 firmatum
1335 1459 1401 1513 et
1432 1451 1768 1514 adauctum
1799 1453 1903 1512 sit.
1932 1451 2361 1512 Beatissimae
2393 1450 2626 1512 Christi
2663 1452 2879 1510 martir
2905 1448 3296 1511 Bonifacius.
3327 1467 3474 1512 cum
3513 1451 3619 1512 dei
3649 1458 3806 1512 nutu

990 1556 1268 1634 cepisset
1298 1553 1639 1616 aedificare
1670 1559 1735 1614 et
1764 1552 2066 1615 excolere
2097 1552 2572 1614 sacrosanctam
2605 1551 3016 1613 aecclesiam.
3061 1553 3128 1612 in
3159 1567 3288 1632 qua
3315 1555 3460 1630 ipse
3490 1552 3806 1634 completo

988 1659 1251 1718 martirii
1282 1660 1384 1718 sui
1413 1655 1725 1736 triumpho
1758 1673 1903 1718 cum
1933 1657 2155 1736 requie
2186 1657 2615 1716 sacratissimi
2643 1655 2748 1716 sui
2771 1655 3058 1734 corporis
3089 1653 3258 1715 diem
3287 1661 3660 1734 expectaret
3689 1674 3804 1716 ex-

988 1763 1289 1819 tremumt
1318 1756 1491 1820 dedit
1519 1757 1608 1818 illi
1636 1757 1935 1819 dominus
1964 1764 2202 1818 tantam
2235 1759 2528 1838 gratiam.
2569 1763 2638 1816 ut
2679 1755 2846 1817 idem
2880 1772 3046 1835 opus
3086 1756 3256 1837 quod
3293 1758 3643 1838 inceperat.
3673 1775 3804 1820 non

984 1859 1193 1922 solum
1225 1859 1347 1922 deo
1378 1862 1481 1920 cui
1512 1867 1781 1922 uouerat
1802 1859 1963 1921 eiTet
1986 1864 2341 1938 acceptum.
2366 1877 2589 1919 uerum
2621 1861 2815 1919 etiam
2837 1857 3198 1920 hominibus
3221 1859 3410 1920 deum
3431 1860 3802 1920 timentibus
3855 1933 3864 1952 ι

985 1965 1367 2043 cunctisque
1395 1979 1515 2041 per
1542 1962 1759 2024 orbem
1790 1963 2093 2045 gentibus
2134 1960 2301 2022 foret
2344 1964 2804 2043 gratissimum.
2851 1961 3008 2020 Nam
3037 1967 3102 2021 et
3131 1977 3332 2040 reges
3377 1967 3440 2021 et
3475 1963 3802 2041 principes

984 2067 1356 2144 caeterique
1384 2063 1601 2125 mundi
1631 2064 1822 2126 huius
1852 2070 2153 2144 potentes
2184 2080 2309 2125 sua
2350 2063 2736 2124 defensione
2765 2061 2916 2123 illud
2943 2065 3190 2122 munire
3219 2078 3625 2142 summopere
3667 2069 3802 2123 stu·

939 2148 949 2158 ’
984 2165 1276 2228 duerunt.
1308 2183 1560 2247 suaque
1590 2167 1857 2228 donaria
1886 2165 2119 2228 offerre
2146 2171 2668 2246 procurauerunt.
2715 2163 2890 2228 Vnde
2921 2163 3106 2226 datur
3132 2163 3420 2244 intelligi.
3453 2167 3604 2243 quia
3631 2165 3799 2226 idem

984 2269 1356 2330 uenerabile
1394 2269 1873 2329 monasterium.
1914 2285 1955 2328 a
2000 2267 2121 2330 deo
2162 2272 2229 2326 et
2268 2285 2309 2326 a
2348 2270 2598 2327 sanctis
2643 2268 2928 2344 patribus
2969 2272 3247 2328 amatum
3292 2271 3357 2325 et
3402 2265 3798 2328 honoratum.

988 2371 1141 2430 licet
1168 2367 1415 2430 nostris'
1440 2370 1831 2447 temporibus
1862 2367 2103 2428 factum
2133 2369 2219 2427 sit
2246 2369 2313 2426 in
2342 2367 2618 2444 lapidem
2650 2349 3034 2427 offensionis
3059 2372 3124 2425 et
3145 2368 3213 2424 in
3234 2372 3480 2444 petram
3509 2367 3800 2430 scandali

986 2469 1089 2531 his
1122 2471 1231 2550 qui
1260 2468 1591 2530 offendunt
1618 2471 1685 2530 in
1714 2468 1821 2529 illo
1850 2467 2225 2548 diripientes
2258 2467 2339 2528 ab
2368 2485 2450 2528 eo
2481 2467 2840 2529 oblationes
2871 2466 3150 2528 fidelium
3177 2469 3552 2528 animarum.
3583 2474 3799 2530 tamen

875 2643 903 2656 ,
983 2587 1333 2651 numquam
1365 2588 1406 2631 a
1432 2570 1623 2633 laude
1652 2571 1757 2632 dei
1800 2572 1922 2632 erit
1962 2586 2261 2631 vacuum.
2308 2569 2532 2630 Seuiat
2559 2569 2834 2632 mundus
2863 2575 3168 2649 quantum
3197 2567 3370 2630 uelit.
3409 2567 3642 2630 fratres
3679 2568 3800 2630 ful-

984 2673 1211 2736 densis
1244 2674 1619 2734 monasterii
1648 2689 1907 2753 semper
1943 2673 2452 2752 pronunciabunt
2489 2672 2818 2754 magnalia
2853 2670 2978 2733 dei.
3017 2670 3132 2732 Est
3175 2688 3335 2752 ergo
3375 2673 3796 2734 conueniens.

981 2781 1053 2838 ut
1080 2779 1189 2856 qui
1219 2775 1427 2858 regali
1456 2782 1523 2838 et
1549 2775 1863 2856 imperiali
1890 2775 2155 2838 donario
2187 2775 2456 2837 aluntur.
2503 2775 2828 2854 preceptis
2857 2791 3081 2856 regum
3113 2780 3179 2834 et
3205 2776 3653 2853 imperatorum
3683 2776 3798 2835 im-

982 2879 1395 2940 munitatibus
1442 2877 1883 2940 defendantur.
1894 2880 1935 2911 “
1976 2878 2091 2940 Die
2135 2877 2331 2940 letzte
2369 2877 2762 2959 Abtheilung
2795 2894 2932 2937 von
2967 2875 3060 2937 Bl.
3097 2875 3252 2937 136·
3287 2893 3374 2938 an
3411 2877 3500 2937 ist
3535 2878 3648 2937 mit
3683 2875 3798 2938 der

982 2979 1231 3043 kurzen
1260 2980 1539 3043 Vorrede
1564 2983 1634 3044 in
1662 2981 1913 3043 diesem
1941 2973 2157 3043 Buche
2186 2999 2318 3043 von
2348 2977 2416 3041 S.
2449 2979 2660 3043 4--63
2692 2979 3109 3062 abgedruckt.

1068 3080 1179 3145 Bd.
1214 3084 1253 3143 2
1282 3083 1372 3145 Bl.
1411 3083 1480 3143 1·
1506 3084 1775 3166 beginnt
1802 3087 1915 3145 mit
1944 3087 2126 3145 einer
2169 3084 2602 3164 allgemeinen
2629 3082 3012 3164 Einleitung.
3051 3082 3460 3171 „Descriptis
3498 3083 3566 3143 in
3601 3081 3793 3161 priori

981 3184 1141 3247 libro
1166 3192 1231 3246 et
1254 3189 1593 3267 congestis
1617 3187 1975 3266 priuilegiis
2000 3184 2496 3263 apostolicorum
2527 3199 2606 3243 ac
2635 3187 2958 3260 preceptis
2990 3202 3216 3267 regum
3239 3192 3304 3245 et
3323 3187 3789 3264 imperatorum.

980 3302 1113 3366 qua
1144 3290 1518 3347 auctoritate
1548 3292 1781 3347 sancta
1809 3285 2127 3347 fuldensis
2158 3283 2433 3345 ecclesia
2463 3282 2726 3344 fundata
2749 3288 2813 3342 et
2843 3283 3218 3344 confirmata
3237 3303 3444 3364 usque
3467 3286 3550 3347 ad
3571 3292 3794 3349 nostra

980 3386 1318 3449 deuenerit
1342 3392 1663 3467 temporat
1694 3402 1865 3449 nunc
1895 3387 2129 3466 quibus
2168 3384 2448 3447 fidelium
2484 3384 2724 3464 prediis
2755 3383 2952 3446 ditata
2989 3388 3094 3447 sit.
3135 3385 3348 3447 stilum
3383 3392 3738 3449 vertamus.
3750 3388 3790 3423 “

978 3488 1066 3551 Es
1098 3488 1260 3571 folgt
1290 3488 1409 3553 das
1439 3487 2179 3568 Kapitelverzeichnissg
2218 3485 2388 3549 dann
2417 3488 2509 3549 Bl.
2543 3490 2616 3547 5·
2660 3489 2782 3564 „In
2815 3486 2941 3550 hoc
2985 3487 3208 3549 codice
3236 3490 3638 3550 continentur
3662 3494 3790 3551 tra-

974 3590 1259 3653 ditiones
1287 3590 1667 3672 prediorum.
1697 3592 2155 3671 mancipiorum
2184 3606 2267 3653 ac
2294 3588 2700 3653 diversarum
2731 3590 3114 3653 oblationum
3146 3608 3314 3671 quae
3343 3588 3611 3651 traditae
3641 3597 3792 3653 sunt

978 3693 1399 3757 seruitoribus
1430 3692 1620 3755 huius
1651 3696 2026 3757 monasterii
2055 3692 2451 3755 iratribusin
2489 3692 2798 3755 honorem
2825 3691 2933 3755 dei
2976 3693 3428 3772 omnipotentis
3473 3699 3538 3753 et
3581 3696 3792 3755 sancti

976 3794 1291 3859 Bonifacii
1318 3796 1553 3858 Christi
1580 3798 1902 3879 martyris.
1944 3796 2298 3877 Scriptus
2342 3802 2465 3857 est
2509 3802 2762 3856 autem
2806 3794 3003 3857 liber
3039 3797 3197 3858 iste
3234 3801 3628 3877 regnante
3665 3799 3788 3857 im—

976 3905 1345 3979 peratore
1372 3898 1785 3962 Friderico.
1832 3898 1971 3961 sub
2010 3898 2457 3961 Marcvardo
2495 3898 2774 3960 abbate
2805 3916 2848 3959 a
2875 3898 3120 3959 fratre
3149 3896 3535 3983 Eberhard
3553 3914 3614 3959 o.
3651 3898 3789 3959 Du-

960 4004 1157 4062 -tone
1184 4001 1595 4065 cellerario
1633 4002 2139 4064 membranam
2186 4002 2841 4063 subministrante.
2881 4000 2974 4063 ad
3002 4000 3300 4063 laudem
3343 4007 3418 4062 et
3456 4000 3788 4082 gloriam

974 4100 1261 4165 domini
1291 4103 1518 4166 ihesu
1548 4104 1903 4167 christi.“
1946 4103 2035 4165 Bl.
2070 4099 2141 4164 eb
2196 4104 2480 4183 „Incipit
2519 4102 2680 4165 liber
2713 4103 3130 4165 tradicionum
3171 4109 3634 4165 sacrosanctae
3669 4102 3787 4167 ful·-

974 4202 1205 4266 densis
1238 4206 1551 4268 eccleliae
1580 4208 1889 4271 collectus
1914 4224 2001 4269 ex
2030 4209 2438 4269 testamentis
2480 4208 2756 4285 priorum
2785 4224 3010 4289 regum
3049 4210 3496 4288 imperatorum
3541 4211 3784 4267 cetero-

974 4324 1247 4397 rumque
1274 4306 1573 4371 fldelium.
1602 4314 1711 4389 qui
1742 4312 1881 4373 suis
1913 4309 2337 4372 oblationibus
2360 4309 2742 4371 ditaverunt.
2769 4326 2848 4370 ac
2869 4308 3299 4372 fundaverunt
3319 4308 3487 4371 hanc
3511 4292 3784 4371 nobilem

977 4414 1041 4470 et
1070 4408 1509 4471 honorabilem
1536 4412 1871 4474 basilicam
1898 4412 2165 4495 gloriosi
2195 4428 2275 4475 ac
2312 4414 2594 4491 'preciosi
2623 4412 2856 4473 Christi
2883 4414 3181 4493 martyris
3209 4410 3540 4473 Bonifacii.
3565 4410 3782 4473 domni

976 4518 1171 4593 atque
1200 4515 1448 4593 patroni
1478 4516 1679 4575 nostri
1710 4513 2125 4577 dilectissimi.
2148 4518 2260 4597 qui
2286 4530 2418 4576 non
2450 4516 2654 4576 solum
2677 4518 2944 4595 primum
2965 4514 3258 4577 fundauit
3280 4522 3346 4575 et
3362 4516 3632 4578 instituit
3658 4514 3781 4577 hoc

974 4615 1349 4676 venerabile
1379 4619 1591 4679 sancti
1630 4617 1977 4679 salvatoris
2006 4619 2324 4698 templum.
2364 4636 2590 4679 verum
2631 4621 2824 4679 etiam
2853 4636 2980 4679 sva
3009 4621 3276 4680 caritate
3307 4619 3543 4679 ascivit
3584 4632 3779 4697 reges

974 4724 1039 4777 et
1068 4718 1485 4797 imperatores
1509 4727 1910 4803 cvnctosque
1930 4724 2117 4805 regni
2144 4722 2469 4803 principes
2492 4727 2560 4782 ut
2583 4736 2705 4783 sua
2726 4720 2830 4783 hic
2854 4721 3106 4785 Christo
3128 4720 3382 4784 domino
3403 4720 3779 4799 patrimonia
