4821 5976
1137 829 1266 890 182
2309 823 2462 902 cap.
2512 825 2569 884 ι.
2600 821 2663 884 8.
2696 822 2756 884 9.
2796 823 2893 884 10.

1133 1015 1400 1078 Erhart
1438 1032 1530 1096 pr.
1571 1019 1638 1075 ot
1673 1031 1842 1074 mon.
1883 1013 2278 1093 Manegrat
2316 1028 2485 1072 mon.
2525 1010 2941 1072 Drudiuuin
2980 1029 3072 1090 ρι.
3114 1015 3177 1070 ct
3207 1027 3375 1072 mon.
3417 1012 3813 1093 Sigibnht'
3838 1033 3930 1094 pr.

1135 1109 1199 1163 ct
1238 1120 1407 1163 mon.
1447 1102 1743 1162 Diomar
1780 1098 1942 1159 diac.
1993 1104 2058 1158 ct
2104 1114 2271 1157 mon.
2311 1097 2640 1156 Heinri'h.
2684 1096 2903 1157 Bebo.
2944 1094 3288 1157 Gundolt.
3332 1097 3763 1168 Cvonratus
3796 1119 3934 1163 rex.

1134 1187 1502 1248 Bul-chart
1532 1205 1691 1248 com.
1723 1183 2110 1244 Ecberdus
2143 1183 2510 1261 archiepisc.
2544 1182 2861 1260 Siricpr.
2894 1190 2957 1242 et
2987 1199 3155 1241 mon.
3189 1181 3450 1264 chga
3480 1181 3641 1245 diac.
3677 1193 3741 1244 et
3762 1201 3931 1249 mon.

1137 1273 1410 1334 Alfrici
1443 1271 1714 1333 subdiac.
1747 1276 1812 1330 ct
1841 1287 2010 1330 mon.
2044 1274 2109 1329 et
2135 1269 2342 1328 Enna
2373 1267 2647 1328 subdiac.
2682 1275 2746 1327 ct
2768 1284 2936 1328 mon.
2968 1313 2977 1320 .

1306 1361 1528 1419 Annus
1583 1355 2106 1417 DCCCC.XC.1111.
2155 1354 2253 1414 ob.
2301 1353 2486 1431 Erpf
2524 1353 2712 1431 episc.
2768 1351 3135 1413 Livbbold
3186 1367 3350 1414 com.
3396 1352 3719 1415 Ecbraht
3772 1369 3935 1417 com.

1144 1443 1286 1524 (Sp.
1321 1444 1394 1520 2)
1434 1440 1710 1502 Hunolt
1740 1442 1883 1500 laic.
1915 1441 2154 1500 Dvoto
2182 1455 2278 1518 pr.
2310 1444 2375 1498 ct
2403 1458 2485 1499 ιιι.
2519 1438 2956 1519 Uuolfgang
2986 1436 3175 1518 episc.

1304 1530 1529 1588 Annus
1558 1525 2023 1587 Dccccjmv.
2067 1524 2165 1584 ob.
2211 1523 2609 1585 Gumbraht
2646 1541 2737 1602 pr.
2786 1530 2849 1583 ot
2881 1541 3046 1583 mon.
3087 1523 3307 1604 Hvug
3335 1541 3471 1584 rcx.
3512 1521 3931 1586 Bclduuuin

1135 1614 1323 1694 episc.
1357 1613 1710 1673 Bai-terat
1753 1627 1845 1689 pr.
1881 1616 1942 1670 ct
1971 1627 2140 1670 mon.
2169 1610 2522 1670 Horiman
2562 1626 2723 1669 com.
2766 1609 3140 1669 Gcbehart
3180 1610 3371 1688 episc.
3409 1609 3804 1692 Erkanger
3841 1629 3933 1690 pr.

1133 1706 1197 1760 ot
1225 1717 1395 1759 mon.
1441 1695 1895 1758 Heinrichus
1919 1696 2066 1756 dux.
2099 1695 2505 1758 Uuarmunt
2537 1694 2679 1755 laic.
2712 1693 3017 1754 Erluuin
3048 1693 3298 1755 artifex.

1304 1786 1530 1844 Annus
1568 1780 2059 1843 DCCCCJKCNI.
2109 1781 2208 1841 ob.
2251 1781 2583 1842 Gerhart.
2631 1780 2833 1840 Abho
2882 1797 3049 1840 mon.
3096 1779 3481 1840 Rvodhart
3518 1797 3610 1858 ρι’.
3653 1787 3717 1841 ct
3759 1798 3929 1842 mon.

1133 1869 1457 1929 Albuuin
1491 1867 1650 1928 diac.
1685 1872 1748 1925 et
1769 1883 1937 1926 mon.
1971 1866 2371 1927 Gumbraht
2399 1866 2543 1927 laic.
2567 1864 2929 1936 Rihbraht
2956 1884 3049 1944 pr.
3074 1871 3139 1925 et
3160 1882 3327 1925 mon.
3352 1863 3762 1926 Adalbraht
3791 1866 3935 1927 laic.

1131 1953 1553 2015 Ratolflaic.
1584 1953 1990 2014 Uuarmunt
2029 1953 2170 2013 laic.
2202 1950 2493 2013 Liutolf
2522 1950 2710 2030 episc.
2751 1950 2921 2010 Milo
2962 1951 3153 2028 episc.
3193 1951 3545 2011 Heriman
3586 1969 3755 2012 mon.
3790 1951 3935 2012 Hil-

1133 2037 2119 2202 deuu({¹nt.}1;ff3·CCCC.XC.V1L
2146 2123 2268 2182 VII.
2301 2121 2383 2182 kl.
2408 2123 2555 2182 mai.
2584 2123 2683 2181 ob.
2714 2122 2768 2181 Η
2781 2127 2936 2180 atto
2970 2120 3109 2181 abb.
3144 2127 3319 2198 ιιι-ρι’.
3354 2125 3417 2179 ct
3445 2139 3613 2180 mon.
3645 2121 3703 2180 Μ
3716 2121 3933 2202 egin-

1030 2231 1045 2238 ·
1135 2209 1245 2270 rih
1274 2210 1499 2272 laicus.
1532 2207 1868 2270 Folcmar
1897 2227 1988 2288 pr.
2023 2214 2088 2269 et
2115 2225 2286 2269 mon.
2316 2207 2644 2268 Ederam.
2677 2205 2966 2267 Pillunc
2997 2203 3188 2266 miles.
3222 2203 3565 2286 Eigihart
3594 2205 3819 2266 laicus.

1315 2423 1455 2500 (fol.
1491 2420 1632 2500 21¹³)
1673 2421 1734 2483 8.
1786 2422 2009 2482 Notum
2031 2423 2118 2481 sit
2152 2421 2549 2499 presentibus
2575 2426 2639 2480 et
2662 2419 2887 2480 futuris
2910 2419 3079 2499 quod
3103 2418 3403 2480 Diotolt.
3437 2425 3502 2477 ct
3525 2417 3709 2478 hilte
3722 2418 3933 2479 ruint.

1133 2510 1320 2570 ambo
1362 2508 1541 2569 liberi
1573 2525 1714 2568 cum
1753 2508 2132 2586 potcstatiua
2169 2523 2383 2565 manu.
2416 2504 2575 2566 duos
2608 2504 2907 2563 mulieres
2940 2504 3019 2565 ad
3062 2505 3346 2564 sanctum
3386 2502 3418 2562 s
3423 2502 3618 2562 olum
3654 2503 3936 2564 tradituri

1133 2601 1338 2654 crant.
1384 2599 1448 2652 et
1485 2593 1778 2652 tributum
1818 2597 1922 2651 cst
1962 2589 2302 2668 quotannis
2335 2606 2553 2646 eorum
2595 2587 2761 2646 unus
2806 2587 3117 2645 denarius.
3177 2585 3449 2658 Quorum
3497 2589 3753 2647 nomina
3801 2587 3940 2647 sunt

1135 2680 1382 2738 illarum
1411 2677 1740 2736 mulierum
1772 2693 1900 2732 una
1929 2671 2096 2733 hilti
2114 2673 2322 2730 ruint.
2365 2677 2430 2731 ct
2461 2671 2585 2730 alia
2617 2673 2965 2750 geruum,
2997 2669 3163 2730 illius
3185 2670 3552 2731 tradicionis
3578 2672 3713 2731 sunt
3752 2669 3947 2732 testes
3990 2707 3997 2714 -

1136 2761 1467 2821 Rutheri.
1495 2766 1558 2818 et
1581 2759 1873 2840 Recgis.
1899 2757 2308 2818 heribrant.
2341 2758 2677 2816 crinuirt.
2702 2755 3034 2816 Hatman.
3060 2759 3196 2816 etit
3236 2761 3303 2815 et
3329 2756 3523 2815 frater
3546 2759 3688 2817 cius
3712 2756 3939 2817 Marc-

1137 2853 1376 2907 uuart.
1408 2845 1743 2904 lambrat.
1778 2850 1842 2903 ct
1871 2844 2204 2904 lambrat.
2235 2842 2581 2923 waltger.
2614 2840 2934 2901 vdelrih.
2968 2842 3238 2902 albeni.
3270 2841 3506 2901 otlint.

1321 2931 1464 3010 (Sp.
1491 2931 1563 3007 2)
1603 2929 1936 2990 Rcmfrit.
1961 2935 2027 2988 et
2048 2927 2403 2988 Dicdarct
2428 2932 2491 2986 ct
2520 2927 2853 2987 folcmar.
2878 2925 3266 2987 tradiderunt
3290 2925 3369 2986 ad
3394 2932 3687 2986 sanctum
3712 2928 3939 2988 solum

1138 3036 1330 3079 unam
1371 3034 1588 3077 eorum
1631 3015 1942 3077 ancillam.
1975 3032 2119 3075 cum
2163 3014 2409 3075 duobus
2449 3013 2663 3073 liberis
2694 3030 2808 3092 pro
2848 3030 3066 3073 eorum
3105 3013 3345 3073 animis.
3380 3030 3643 3091 quorum
3680 3017 3941 3075 nomina

1137 3105 1275 3164 sunt
1303 3103 1666 3185 Engalret
1697 3100 2066 3163 Godesdiu
2096 3100 2286 3161 isinh
2301 3105 2432 3158 art.
2465 3104 2529 3158 ct
2560 3116 2778 3159 corum
2808 3100 3102 3159 tributum
3132 3105 3235 3157 cst
3267 3098 3607 3177 quotannis
3629 3116 3798 3159 unus
3829 3098 3939 3161 de,

1135 3188 1366 3251 narius.

1318 3384 1458 3462 (fol.
1491 3382 1630 3461 28⁸)
1671 3382 1732 3444 9.
1777 3383 1953 3443 Haoc
1985 3377 2043 3457 ¹)
2084 3381 2222 3440 sunt
2251 3380 2509 3440 nomina
2539 3378 2797 3438 fratrum
2840 3378 2921 3439 dc
2958 3379 3335 3439 monasterio
3376 3378 3693 3449 hamala.
3741 3380 3936 3441 ch-

1141 3470 1430 3532 rinhcri
1471 3488 1562 3547 pr.
1605 3476 1672 3529 et
1698 3485 1866 3529 mon.
1908 3470 2057 3526 item
2100 3463 2559 3526 Uuorinheri
2598 3480 2689 3542 pr.
2732 3470 2797 3522 ot
2833 3480 3000 3523 mon.
3047 3464 3486 3525 Uuinimunt
3530 3481 3623 3542 ρι’.
3656 3471 3721 3523 et
3768 3482 3935 3523 mon.

1141 3555 1539 3619 Uualtheri
1577 3571 1666 3632 pr.
1715 3560 1782 3612 ct
1817 3569 1986 3612 mon.
2027 3550 2413 3613 Uualtmar
2455 3568 2545 3627 ρι’.
2587 3555 2651 3609 et
2690 3566 2859 3607 mon.
2902 3548 3271 3628 Uuitgrim
3321 3564 3413 3625 pr.
3454 3554 3521 3607 ct
3558 3566 3641 3608 m.
3686 3546 3940 3607 Fridu-

1140 3644 1324 3701 bern
1350 3658 1440 3719 pr.
1465 3638 1801 3720 Egbraht
1821 3657 1913 3717 pr.
1938 3637 2109 3697 Milo
2133 3654 2226 3715 ρι’.
2252 3632 2491 3697 Uindo
2515 3652 2683 3694 mon.
2707 3632 3185 3694 Erkanuuart
3207 3634 3515 3693 mon.X.II.
3534 3632 3847 3693 monachi.
3866 3629 3931 3708 ²)

1311 3724 1436 3787 Ista
1486 3724 1625 3784 suut
1689 3730 1948 3783 nomina
2020 3719 2478 3781 scolasticorum
2552 3720 2631 3781 do
2694 3720 2880 3796 supra
2952 3717 3117 3778 dicto
3188 3718 3477 3779 cenobio.
3544 3717 3935 3778 Gorbraht.

1140 3809 1598 3871 Thanchr-ih.
1629 3810 1979 3870 Liutmar.
2012 3806 2410 3888 Egilmunt.
2445 3804 2791 3867 Uuenito.
2822 3804 3175 3864 Liutmar.
3214 3804 3587 3886 Uuaning.
3613 3802 3935 3883 Liuting.

1140 3895 1432 3958 Adaluu
1453 3913 1534 3955 ar
1552 3900 1594 3955 t.
1626 3892 2048 3974 Rhuoding.
2080 3890 2529 3973 Meginhart.
2560 3890 2635 3949 X]
2667 3890 2991 3950 scolastici.

1322 4108 1416 4169 10.
1464 4107 1578 4170 Hic
1622 4106 1932 4168 habentur
1973 4104 2230 4166 fratrum
2270 4107 2531 4165 nomina
2569 4103 2649 4164 dc
2686 4102 3066 4163 monasterio
3114 4100 3508 4163 brustlaha
3554 4109 3937 4179 nuncupato.

1143 4194 1562 4255 Uualdhart
1604 4213 1693 4272 pr.
1729 4198 1791 4252 ct
1821 4211 1903 4252 m.
1949 4192 2236 4272 Ratgcr
2274 4210 2365 4269 pr.
2401 4198 2463 4251 et
2492 4208 2574 4249 m.
2624 4188 3028 4249 Folcuuart
3072 4206 3163 4265 pr.
3208 4195 3273 4247 et
3313 4206 3393 4247 m.
3434 4186 3701 4247 Thioto
3740 4206 3832 4266 ρι’.
3876 4192 3940 4247 et

1142 4298 1224 4338 m.
1255 4278 1477 4337 Eribo
1508 4297 1599 4357 ρι’.
1633 4286 1696 4338 et
1725 4296 1806 4338 m.
1839 4277 2216 4357 Uodilgoz
2247 4296 2337 4355 pr.
2372 4283 2436 4336 et
2465 4294 2544 4335 m.
2590 4274 2920 4353 Uuihtag
2949 4291 3040 4353 pr.
3075 4277 3139 4332 et
3182 4291 3263 4332 m.
3296 4272 3599 4333 Herirat
3635 4290 3727 4351 pr.
3761 4277 3826 4331 et
3854 4291 3936 4332 m.

1143 4362 1458 4424 Folclah
1487 4382 1578 4441 ρι’.
1614 4370 1676 4422 et
1706 4382 1786 4423 m.
1833 4362 2203 4443 Maghclm
2233 4362 2327 4441 ριζ
2361 4367 2425 4421 et
2454 4380 2536 4421 m.
2586 4358 2895 4419 Sindolf
2931 4378 3020 4437 pr.
3057 4365 3118 4417 et
3148 4376 3229 4417 m.
3264 4356 3605 4417 Gerhelm
3638 4377 3729 4436 ρι’.
3764 4365 3828 4417 et
3857 4376 3939 4417 m.

1141 4448 1493 4530 Adalung
1523 4467 1614 4528 pr.
1648 4454 1711 4507 et
1741 4467 1820 4507 m.
1853 4446 2271 4509 Uuarmunt
2299 4467 2391 4527 ρι’.
2425 4452 2491 4507 et
2516 4465 2598 4506 m.
2630 4444 2978 4505 Liutalah
3018 4462 3110 4523 pr.
3145 4450 3209 4503 et
3238 4462 3319 4503 m.
3354 4441 3606 4524 otgelt
3636 4462 3728 4522 pr.
3762 4450 3824 4503 et
3852 4459 3936 4501 m.

1289 4626 1336 4691 ¹)
1363 4628 1540 4691 Vergl.
1580 4627 1852 4675 Schannat
1887 4624 2119 4673 dioeces.
2145 4624 2245 4673 216
2283 4626 2388 4673 und
2422 4624 2530 4673 171.
2566 4623 2721 4672 Dicae
2755 4619 3157 4671 Verzelchnisse
3194 4620 3291 4670 der
3322 4619 3540 4671 Honche
3576 4622 3681 4669 und
3716 4616 3941 4667 Schiilcr

1143 4698 1197 4745 in
1233 4699 1334 4745 den
1367 4696 1784 4745 verschiedeneu
1817 4692 2066 4742 Klostcrn
2108 4694 2342 4756 gehon-eu
2384 4692 2573 4741 hochst
2606 4690 3048 4741 wahrucheinlich
3084 4690 3137 4738 in
3175 4690 3259 4738 die
3292 4688 3407 4738 Zelt
3440 4686 3714 4737 Hraban’s.
3754 4682 3807 4749 ²)
3844 4686 3939 4734 Die

1145 4766 1274 4813 zahl
1295 4765 1368 4813 iat
1393 4764 1638 4815 ofenbar
1659 4764 1852 4819 falech,
1875 4773 2033 4811 ποι.
2058 4763 2154 4809 der
2177 4760 2531 4810 Abschrciber
2552 4760 2700 4809 nicht
2724 4764 2869 4809 etwa
2892 4759 3045 4808 einen
3068 4758 3267 4807 Numen
3290 4758 3643 4821 ausgelmmn
3668 4756 3776 4805 hat.
