<?xml version="1.0" encoding="UTF-8"?>
<!DOCTYPE html PUBLIC "-//W3C//DTD XHTML 1.0 Transitional//EN"
    "http://www.w3.org/TR/xhtml1/DTD/xhtml1-transitional.dtd">
<html xmlns="http://www.w3.org/1999/xhtml" xml:lang="en" lang="en">
 <head>
  <title>
</title>
<meta http-equiv="Content-Type" content="text/html;charset=utf-8" />
  <meta name='ocr-system' content='tesseract 3.04.00' />
  <meta name='ocr-capabilities' content='ocr_page ocr_carea ocr_par ocr_line ocrx_word'/>
</head>
<body>
  <div class='ocr_page' id='page_1' title='image "./traditionesetan03drongoog_0173.png"; bbox 0 0 4821 5976; ppageno 0'>
   <div class='ocr_carea' id='block_1_1' title="bbox 2154 796 3828 919">
    <p class='ocr_par' dir='ltr' id='par_1_1' title="bbox 2154 796 3828 919">
     <span class='ocr_line' id='line_1_1' title="bbox 2154 796 3828 919; baseline 0.004 -20"><span class='ocrx_word' id='word_1_1' title='bbox 2154 840 2307 919; x_wconf 68' lang='lat' dir='ltr'><strong>cap.</strong></span> <span class='ocrx_word' id='word_1_2' title='bbox 2358 796 2460 901; x_wconf 62' lang='grc' dir='ltr'><strong>τό.</strong></span> <span class='ocrx_word' id='word_1_3' title='bbox 2497 842 2598 902; x_wconf 74' lang='lat'><strong>⁷6.</strong></span> <span class='ocrx_word' id='word_1_4' title='bbox 3638 843 3767 905; x_wconf 71' lang='lat'><strong>15⁸</strong></span> <span class='ocrx_word' id='word_1_5' title='bbox 3817 858 3828 866; x_wconf 87' lang='lat'>·</span> 
     </span>
    </p>
   </div>
   <div class='ocr_carea' id='block_1_2' title="bbox 960 1007 3770 1685">
    <p class='ocr_par' dir='ltr' id='par_1_2' title="bbox 960 1007 3770 1685">
     <span class='ocr_line' id='line_1_2' title="bbox 963 1007 3769 1093; baseline 0.001 -20"><span class='ocrx_word' id='word_1_6' title='bbox 963 1018 1179 1073; x_wconf 87' lang='lat' dir='ltr'><strong>monte</strong></span> <span class='ocrx_word' id='word_1_7' title='bbox 1210 1027 1326 1073; x_wconf 78' lang='lat' dir='ltr'><strong>ace</strong></span> <span class='ocrx_word' id='word_1_8' title='bbox 1354 1011 1594 1072; x_wconf 72' lang='lat' dir='ltr'><strong>Mariae</strong></span> <span class='ocrx_word' id='word_1_9' title='bbox 1626 1010 1814 1071; x_wconf 86' lang='lat' dir='ltr'><strong>aliam</strong></span> <span class='ocrx_word' id='word_1_10' title='bbox 1843 1007 2097 1071; x_wconf 85' lang='lat' dir='ltr'><strong>babeat.</strong></span> <span class='ocrx_word' id='word_1_11' title='bbox 2130 1016 2195 1071; x_wconf 88' lang='lat' dir='ltr'><strong>et</strong></span> <span class='ocrx_word' id='word_1_12' title='bbox 2223 1012 2289 1070; x_wconf 89' lang='lat' dir='ltr'><strong>in</strong></span> <span class='ocrx_word' id='word_1_13' title='bbox 2320 1008 2546 1071; x_wconf 88' lang='lat' dir='ltr'><strong>eodem</strong></span> <span class='ocrx_word' id='word_1_14' title='bbox 2577 1008 2718 1070; x_wconf 89' lang='lat' dir='ltr'><strong>loco</strong></span> <span class='ocrx_word' id='word_1_15' title='bbox 2743 1008 3066 1092; x_wconf 87' lang='lat' dir='ltr'><strong>condigna</strong></span> <span class='ocrx_word' id='word_1_16' title='bbox 3086 1009 3475 1073; x_wconf 72' lang='lat' dir='ltr'><strong>habitatione</strong></span> <span class='ocrx_word' id='word_1_17' title='bbox 3500 1015 3769 1093; x_wconf 85' lang='lat' dir='ltr'><strong>recipia-</strong></span> 
     </span>
     <span class='ocr_line' id='line_1_3' title="bbox 964 1093 3770 1160; baseline 0.001 -3"><span class='ocrx_word' id='word_1_18' title='bbox 964 1107 1083 1158; x_wconf 88' lang='lat' dir='ltr'><strong>tur.</strong></span> <span class='ocrx_word' id='word_1_19' title='bbox 1116 1096 1187 1157; x_wconf 84' lang='lat' dir='ltr'><strong>Si</strong></span> <span class='ocrx_word' id='word_1_20' title='bbox 1218 1102 1430 1157; x_wconf 83' lang='lat' dir='ltr'><strong>autem</strong></span> <span class='ocrx_word' id='word_1_21' title='bbox 1464 1097 1661 1155; x_wconf 83' lang='lat' dir='ltr'><strong>altero</strong></span> <span class='ocrx_word' id='word_1_22' title='bbox 1691 1093 1991 1156; x_wconf 76' lang='lat' dir='ltr'><strong>destincte</strong></span> <span class='ocrx_word' id='word_1_23' title='bbox 2024 1094 2127 1156; x_wconf 91' lang='lat' dir='ltr'><strong>uel</strong></span> <span class='ocrx_word' id='word_1_24' title='bbox 2158 1096 2464 1155; x_wconf 89' lang='lat' dir='ltr'><strong>conuerso</strong></span> <span class='ocrx_word' id='word_1_25' title='bbox 2498 1094 2656 1155; x_wconf 88' lang='lat' dir='ltr'><strong>alter</strong></span> <span class='ocrx_word' id='word_1_26' title='bbox 2691 1094 2797 1155; x_wconf 88' lang='lat' dir='ltr'><strong>uel</strong></span> <span class='ocrx_word' id='word_1_27' title='bbox 2829 1095 3028 1156; x_wconf 86' lang='lat' dir='ltr'><strong>altera</strong></span> <span class='ocrx_word' id='word_1_28' title='bbox 3063 1097 3362 1158; x_wconf 88' lang='lat' dir='ltr'><strong>mundum</strong></span> <span class='ocrx_word' id='word_1_29' title='bbox 3393 1097 3642 1160; x_wconf 79' lang='lat' dir='ltr'><strong>diucius</strong></span> <span class='ocrx_word' id='word_1_30' title='bbox 3671 1101 3770 1159; x_wconf 89' lang='lat' dir='ltr'><strong>in-</strong></span> 
     </span>
     <span class='ocr_line' id='line_1_4' title="bbox 964 1178 3768 1262; baseline 0.001 -19"><span class='ocrx_word' id='word_1_31' title='bbox 964 1181 1289 1243; x_wconf 86' lang='lat' dir='ltr'><strong>habitabit.</strong></span> <span class='ocrx_word' id='word_1_32' title='bbox 1322 1184 1430 1261; x_wconf 83' lang='lat' dir='ltr'><strong>qui</strong></span> <span class='ocrx_word' id='word_1_33' title='bbox 1460 1180 1775 1258; x_wconf 89' lang='lat' dir='ltr'><strong>superstes</strong></span> <span class='ocrx_word' id='word_1_34' title='bbox 1796 1179 1985 1241; x_wconf 87' lang='lat' dir='ltr'><strong>fuerit</strong></span> <span class='ocrx_word' id='word_1_35' title='bbox 2015 1178 2183 1260; x_wconf 88' lang='lat' dir='ltr'><strong>quod</strong></span> <span class='ocrx_word' id='word_1_36' title='bbox 2214 1178 2540 1241; x_wconf 84' lang='lat' dir='ltr'><strong>definitum</strong></span> <span class='ocrx_word' id='word_1_37' title='bbox 2565 1178 2774 1240; x_wconf 76' lang='lat' dir='ltr'><strong>estad</strong></span> <span class='ocrx_word' id='word_1_38' title='bbox 2795 1179 3043 1259; x_wconf 85' lang='lat' dir='ltr'><strong>prefata</strong></span> <span class='ocrx_word' id='word_1_39' title='bbox 3065 1178 3209 1241; x_wconf 90' lang='lat' dir='ltr'><strong>loca</strong></span> <span class='ocrx_word' id='word_1_40' title='bbox 3229 1181 3594 1244; x_wconf 79' lang='lat' dir='ltr'><strong>dimidiabit.</strong></span> <span class='ocrx_word' id='word_1_41' title='bbox 3618 1190 3768 1262; x_wconf 71' lang='lat' dir='ltr'><strong>post</strong></span> 
     </span>
     <span class='ocr_line' id='line_1_5' title="bbox 963 1263 3766 1345; baseline 0 -16"><span class='ocrx_word' id='word_1_42' title='bbox 963 1270 1147 1329; x_wconf 75' lang='lat' dir='ltr'><strong>cuius</strong></span> <span class='ocrx_word' id='word_1_43' title='bbox 1179 1264 1372 1326; x_wconf 81' lang='lat' dir='ltr'><strong>finem</strong></span> <span class='ocrx_word' id='word_1_44' title='bbox 1400 1266 1701 1345; x_wconf 75' lang='lat' dir='ltr'><strong>possessio</strong></span> <span class='ocrx_word' id='word_1_45' title='bbox 1730 1271 1865 1325; x_wconf 86' lang='lat' dir='ltr'><strong>tota</strong></span> <span class='ocrx_word' id='word_1_46' title='bbox 1895 1266 2051 1325; x_wconf 89' lang='lat' dir='ltr'><strong>sicut</strong></span> <span class='ocrx_word' id='word_1_47' title='bbox 2090 1263 2354 1326; x_wconf 89' lang='lat' dir='ltr'><strong>diuisum</strong></span> <span class='ocrx_word' id='word_1_48' title='bbox 2394 1271 2500 1325; x_wconf 80' lang='lat' dir='ltr'><strong>est</strong></span> <span class='ocrx_word' id='word_1_49' title='bbox 2535 1267 2601 1325; x_wconf 88' lang='lat' dir='ltr'><strong>in</strong></span> <span class='ocrx_word' id='word_1_50' title='bbox 2643 1265 2976 1326; x_wconf 87' lang='lat' dir='ltr'><strong>seruicium</strong></span> <span class='ocrx_word' id='word_1_51' title='bbox 3007 1264 3120 1326; x_wconf 87' lang='lat' dir='ltr'><strong>dei</strong></span> <span class='ocrx_word' id='word_1_52' title='bbox 3161 1266 3546 1328; x_wconf 87' lang='lat' dir='ltr'><strong>secundabit.</strong></span> <span class='ocrx_word' id='word_1_53' title='bbox 3588 1267 3766 1330; x_wconf 85' lang='lat' dir='ltr'><strong>Haec</strong></span> 
     </span>
     <span class='ocr_line' id='line_1_6' title="bbox 960 1344 3764 1427; baseline 0.001 -16"><span class='ocrx_word' id='word_1_54' title='bbox 960 1350 1210 1413; x_wconf 83' lang='lat' dir='ltr'><strong>traditio</strong></span> <span class='ocrx_word' id='word_1_55' title='bbox 1258 1349 1431 1411; x_wconf 86' lang='lat' dir='ltr'><strong>facta</strong></span> <span class='ocrx_word' id='word_1_56' title='bbox 1468 1358 1573 1411; x_wconf 81' lang='lat' dir='ltr'><strong>est</strong></span> <span class='ocrx_word' id='word_1_57' title='bbox 1619 1367 1787 1411; x_wconf 84' lang='lat' dir='ltr'><strong>anno</strong></span> <span class='ocrx_word' id='word_1_58' title='bbox 1824 1350 2150 1411; x_wconf 77' lang='lat' dir='ltr'><strong>miuefimo</strong></span> <span class='ocrx_word' id='word_1_59' title='bbox 2202 1348 2315 1410; x_wconf 86' lang='lat' dir='ltr'><strong>.C·.</strong></span> <span class='ocrx_word' id='word_1_60' title='bbox 2346 1348 2572 1409; x_wconf 82' lang='lat' dir='ltr'>XXXIV</span> <span class='ocrx_word' id='word_1_61' title='bbox 2595 1344 2653 1427; x_wconf 80' lang='grc'><strong>1)</strong></span> <span class='ocrx_word' id='word_1_62' title='bbox 2703 1349 2782 1410; x_wconf 89' lang='lat' dir='ltr'><strong>ab</strong></span> <span class='ocrx_word' id='word_1_63' title='bbox 2820 1352 3260 1411; x_wconf 66' lang='lat' dir='ltr'><strong>incarnatione</strong></span> <span class='ocrx_word' id='word_1_64' title='bbox 3298 1350 3552 1413; x_wconf 89' lang='lat' dir='ltr'><strong>domini.</strong></span> <span class='ocrx_word' id='word_1_65' title='bbox 3595 1370 3764 1413; x_wconf 89' lang='lat' dir='ltr'><strong>anno</strong></span> 
     </span>
     <span class='ocr_line' id='line_1_7' title="bbox 962 1434 3766 1516; baseline 0.001 -19"><span class='ocrx_word' id='word_1_66' title='bbox 962 1436 1236 1499; x_wconf 81' lang='lat' dir='ltr'><strong>cunradi</strong></span> <span class='ocrx_word' id='word_1_67' title='bbox 1276 1436 1527 1498; x_wconf 80' lang='lat' dir='ltr'><strong>abbatis</strong></span> <span class='ocrx_word' id='word_1_68' title='bbox 1564 1435 1635 1495; x_wconf 77' lang='lat'><strong>1⁸.</strong></span> <span class='ocrx_word' id='word_1_69' title='bbox 1687 1434 1981 1514; x_wconf 75' lang='lat' dir='ltr'><strong>presente</strong></span> <span class='ocrx_word' id='word_1_70' title='bbox 2028 1434 2163 1512; x_wconf 87' lang='lat' dir='ltr'><strong>ipso</strong></span> <span class='ocrx_word' id='word_1_71' title='bbox 2211 1434 2442 1494; x_wconf 88' lang='lat' dir='ltr'><strong>abbate</strong></span> <span class='ocrx_word' id='word_1_72' title='bbox 2491 1439 2558 1494; x_wconf 90' lang='lat' dir='ltr'><strong>et</strong></span> <span class='ocrx_word' id='word_1_73' title='bbox 2603 1435 2775 1493; x_wconf 89' lang='lat' dir='ltr'><strong>omni</strong></span> <span class='ocrx_word' id='word_1_74' title='bbox 2829 1438 3355 1516; x_wconf 77' lang='lat' dir='ltr'><strong>congregatione.</strong></span> <span class='ocrx_word' id='word_1_75' title='bbox 3415 1435 3618 1497; x_wconf 74' lang='lat' dir='ltr'><strong>Huius</strong></span> <span class='ocrx_word' id='word_1_76' title='bbox 3671 1440 3766 1499; x_wconf 91' lang='lat' dir='ltr'><strong>rei</strong></span> 
     </span>
     <span class='ocr_line' id='line_1_8' title="bbox 962 1517 3764 1601; baseline 0.001 -20"><span class='ocrx_word' id='word_1_77' title='bbox 962 1522 1159 1583; x_wconf 75' lang='lat' dir='ltr'><strong>testes</strong></span> <span class='ocrx_word' id='word_1_78' title='bbox 1192 1522 1331 1581; x_wconf 88' lang='lat' dir='ltr'><strong>sunt</strong></span> <span class='ocrx_word' id='word_1_79' title='bbox 1366 1518 1796 1581; x_wconf 82' lang='lat' dir='ltr'><strong>Werenherus</strong></span> <span class='ocrx_word' id='word_1_80' title='bbox 1830 1517 2141 1581; x_wconf 76' lang='lat' dir='ltr'><strong>decanus.</strong></span> <span class='ocrx_word' id='word_1_81' title='bbox 2182 1517 2498 1579; x_wconf 89' lang='lat' dir='ltr'><strong>Ditmarus</strong></span> <span class='ocrx_word' id='word_1_82' title='bbox 2528 1518 2904 1597; x_wconf 74' lang='lat' dir='ltr'><strong>prepositus.</strong></span> <span class='ocrx_word' id='word_1_83' title='bbox 2965 1518 3310 1601; x_wconf 82' lang='lat' dir='ltr'><strong>wiggerus</strong></span> <span class='ocrx_word' id='word_1_84' title='bbox 3349 1525 3764 1583; x_wconf 56' lang='lat' dir='ltr'><strong>camerarium</strong></span> 
     </span>
     <span class='ocr_line' id='line_1_9' title="bbox 960 1602 3766 1685; baseline 0.001 -20"><span class='ocrx_word' id='word_1_85' title='bbox 960 1606 1239 1667; x_wconf 75' lang='lat' dir='ltr'><strong>loannes</strong></span> <span class='ocrx_word' id='word_1_86' title='bbox 1269 1606 1666 1669; x_wconf 74' lang='lat' dir='ltr'><strong>scolasticus.</strong></span> <span class='ocrx_word' id='word_1_87' title='bbox 1697 1602 2094 1666; x_wconf 79' lang='lat' dir='ltr'><strong>Berhtoldua.</strong></span> <span class='ocrx_word' id='word_1_88' title='bbox 2124 1603 2498 1665; x_wconf 78' lang='lat' dir='ltr'><strong>flerssaldus.</strong></span> <span class='ocrx_word' id='word_1_89' title='bbox 2528 1604 2894 1685; x_wconf 83' lang='lat' dir='ltr'><strong>Ruggerus.</strong></span> <span class='ocrx_word' id='word_1_90' title='bbox 2936 1602 3248 1665; x_wconf 79' lang='lat' dir='ltr'><strong>Dimarua.</strong></span> <span class='ocrx_word' id='word_1_91' title='bbox 3282 1612 3346 1666; x_wconf 87' lang='lat' dir='ltr'><strong>et</strong></span> <span class='ocrx_word' id='word_1_92' title='bbox 3384 1606 3591 1667; x_wconf 79' lang='lat' dir='ltr'><strong>omnis</strong></span> <span class='ocrx_word' id='word_1_93' title='bbox 3613 1622 3766 1667; x_wconf 86' lang='lat' dir='ltr'><strong>con·</strong></span> 
     </span>
    </p>
   </div>
   <div class='ocr_carea' id='block_1_3' title="bbox 959 1693 3452 1957">
    <p class='ocr_par' dir='ltr' id='par_1_3' title="bbox 959 1693 3452 1957">
     <span class='ocr_line' id='line_1_10' title="bbox 959 1693 1276 1773; baseline 0.006 -22"><span class='ocrx_word' id='word_1_94' title='bbox 959 1693 1276 1773; x_wconf 85' lang='lat' dir='ltr'><strong>gregatio.</strong></span> 
     </span>
     <span class='ocr_line' id='line_1_11' title="bbox 1358 1826 3452 1957; baseline 0.001 -26"><span class='ocrx_word' id='word_1_95' title='bbox 1358 1860 1578 1939; x_wconf 70' lang='grc' dir='ltr'>(ων)</span> <span class='ocrx_word' id='word_1_96' title='bbox 1624 1859 1749 1933; x_wconf 72' lang='lat'><strong>76.</strong></span> <span class='ocrx_word' id='word_1_97' title='bbox 1786 1858 1891 1932; x_wconf 75' lang='lat' dir='ltr'><strong>ne</strong></span> <span class='ocrx_word' id='word_1_98' title='bbox 1928 1826 2163 1957; x_wconf 69' lang='lat' dir='ltr'><strong>gestis</strong></span> <span class='ocrx_word' id='word_1_99' title='bbox 2202 1860 2440 1934; x_wconf 83' lang='lat' dir='ltr'><strong>domni</strong></span> <span class='ocrx_word' id='word_1_100' title='bbox 2476 1853 3022 1934; x_wconf 79' lang='lat' dir='ltr'><strong>MARchRm</strong></span> <span class='ocrx_word' id='word_1_101' title='bbox 3055 1860 3342 1933; x_wconf 75' lang='lat' dir='ltr'><strong>abbatis</strong></span> <span class='ocrx_word' id='word_1_102' title='bbox 3358 1858 3452 1939; x_wconf 79' lang='lat'><strong>²).</strong></span> 
     </span>
    </p>
   </div>
   <div class='ocr_carea' id='block_1_4' title="bbox 946 2044 3822 4078">
    <p class='ocr_par' dir='ltr' id='par_1_4' title="bbox 954 2044 3768 2803">
     <span class='ocr_line' id='line_1_12' title="bbox 1130 2044 3768 2131; baseline 0.001 -24"><span class='ocrx_word' id='word_1_103' title='bbox 1130 2048 1199 2107; x_wconf 92' lang='lat' dir='ltr'><strong>ln</strong></span> <span class='ocrx_word' id='word_1_104' title='bbox 1222 2049 1481 2108; x_wconf 90' lang='lat' dir='ltr'><strong>nomine</strong></span> <span class='ocrx_word' id='word_1_105' title='bbox 1504 2063 1622 2108; x_wconf 76' lang='lat' dir='ltr'><strong>ace</strong></span> <span class='ocrx_word' id='word_1_106' title='bbox 1655 2048 1971 2108; x_wconf 80' lang='lat' dir='ltr'><strong>trinitatis.</strong></span> <span class='ocrx_word' id='word_1_107' title='bbox 1997 2054 2060 2107; x_wconf 88' lang='lat' dir='ltr'><strong>et</strong></span> <span class='ocrx_word' id='word_1_108' title='bbox 2082 2046 2406 2108; x_wconf 73' lang='lat' dir='ltr'><strong>indiuiduo</strong></span> <span class='ocrx_word' id='word_1_109' title='bbox 2429 2049 2712 2108; x_wconf 76' lang='lat' dir='ltr'><strong>unitatis.</strong></span> <span class='ocrx_word' id='word_1_110' title='bbox 2742 2044 2881 2128; x_wconf 89' lang='lat' dir='ltr'><strong>Ego</strong></span> <span class='ocrx_word' id='word_1_111' title='bbox 2909 2044 3392 2108; x_wconf 80' lang='lat' dir='ltr'><strong>Marcuardus</strong></span> <span class='ocrx_word' id='word_1_112' title='bbox 3424 2047 3528 2108; x_wconf 88' lang='lat' dir='ltr'><strong>dei</strong></span> <span class='ocrx_word' id='word_1_113' title='bbox 3557 2052 3768 2131; x_wconf 88' lang='lat' dir='ltr'><strong>gratia</strong></span> 
     </span>
     <span class='ocr_line' id='line_1_13' title="bbox 956 2130 3765 2213; baseline 0.001 -22"><span class='ocrx_word' id='word_1_114' title='bbox 956 2131 1406 2211; x_wconf 82' lang='lat' dir='ltr'><strong>preordinante</strong></span> <span class='ocrx_word' id='word_1_115' title='bbox 1435 2133 1687 2193; x_wconf 88' lang='lat' dir='ltr'><strong>humilis</strong></span> <span class='ocrx_word' id='word_1_116' title='bbox 1710 2150 1826 2193; x_wconf 76' lang='lat' dir='ltr'><strong>sce</strong></span> <span class='ocrx_word' id='word_1_117' title='bbox 1856 2130 2182 2192; x_wconf 79' lang='lat' dir='ltr'><strong>Fuldensts</strong></span> <span class='ocrx_word' id='word_1_118' title='bbox 2205 2132 2477 2192; x_wconf 74' lang='lat' dir='ltr'><strong>ecclesie</strong></span> <span class='ocrx_word' id='word_1_119' title='bbox 2508 2130 2715 2193; x_wconf 87' lang='lat' dir='ltr'><strong>dictus</strong></span> <span class='ocrx_word' id='word_1_120' title='bbox 2735 2132 3033 2193; x_wconf 74' lang='lat' dir='ltr'><strong>minister.</strong></span> <span class='ocrx_word' id='word_1_121' title='bbox 3060 2132 3351 2193; x_wconf 85' lang='lat' dir='ltr'><strong>omnibus</strong></span> <span class='ocrx_word' id='word_1_122' title='bbox 3382 2136 3492 2212; x_wconf 87' lang='lat' dir='ltr'><strong>xpi</strong></span> <span class='ocrx_word' id='word_1_123' title='bbox 3518 2133 3765 2213; x_wconf 87' lang='lat' dir='ltr'><strong>suisque</strong></span> 
     </span>
     <span class='ocr_line' id='line_1_14' title="bbox 956 2215 3765 2297; baseline 0.001 -22"><span class='ocrx_word' id='word_1_124' title='bbox 956 2215 1249 2277; x_wconf 75' lang='lat' dir='ltr'><strong>fidelibus</strong></span> <span class='ocrx_word' id='word_1_125' title='bbox 1280 2218 1551 2296; x_wconf 88' lang='lat' dir='ltr'><strong>gratiam</strong></span> <span class='ocrx_word' id='word_1_126' title='bbox 1582 2223 1649 2277; x_wconf 91' lang='lat' dir='ltr'><strong>et</strong></span> <span class='ocrx_word' id='word_1_127' title='bbox 1676 2223 1963 2277; x_wconf 87' lang='lat' dir='ltr'><strong>eternam</strong></span> <span class='ocrx_word' id='word_1_128' title='bbox 1993 2215 2255 2295; x_wconf 86' lang='lat' dir='ltr'><strong>salutem</strong></span> <span class='ocrx_word' id='word_1_129' title='bbox 2284 2219 2351 2276; x_wconf 88' lang='lat' dir='ltr'><strong>in</strong></span> <span class='ocrx_word' id='word_1_130' title='bbox 2380 2234 2532 2295; x_wconf 81' lang='lat' dir='ltr'><strong>xpo.</strong></span> <span class='ocrx_word' id='word_1_131' title='bbox 2564 2216 2867 2276; x_wconf 81' lang='lat' dir='ltr'><strong>Nouimus</strong></span> <span class='ocrx_word' id='word_1_132' title='bbox 2897 2234 3028 2277; x_wconf 88' lang='lat' dir='ltr'><strong>non</strong></span> <span class='ocrx_word' id='word_1_133' title='bbox 3059 2216 3194 2277; x_wconf 76' lang='lat' dir='ltr'><strong>effe</strong></span> <span class='ocrx_word' id='word_1_134' title='bbox 3222 2217 3416 2278; x_wconf 87' lang='lat' dir='ltr'><strong>nostri</strong></span> <span class='ocrx_word' id='word_1_135' title='bbox 3443 2219 3601 2279; x_wconf 88' lang='lat' dir='ltr'><strong>iuris</strong></span> <span class='ocrx_word' id='word_1_136' title='bbox 3621 2236 3765 2297; x_wconf 89' lang='lat' dir='ltr'><strong>pro-</strong></span> 
     </span>
     <span class='ocr_line' id='line_1_15' title="bbox 954 2300 3763 2381; baseline 0.001 -21"><span class='ocrx_word' id='word_1_137' title='bbox 954 2303 1160 2381; x_wconf 81' lang='lat' dir='ltr'><strong>priam</strong></span> <span class='ocrx_word' id='word_1_138' title='bbox 1189 2300 1637 2369; x_wconf 84' lang='lat' dir='ltr'><strong>commendare</strong></span> <span class='ocrx_word' id='word_1_139' title='bbox 1666 2301 2020 2379; x_wconf 86' lang='lat' dir='ltr'><strong>personam.</strong></span> <span class='ocrx_word' id='word_1_140' title='bbox 2053 2318 2196 2361; x_wconf 90' lang='lat' dir='ltr'><strong>cum</strong></span> <span class='ocrx_word' id='word_1_141' title='bbox 2226 2301 2520 2380; x_wconf 87' lang='lat' dir='ltr'><strong>scriptum</strong></span> <span class='ocrx_word' id='word_1_142' title='bbox 2552 2302 2644 2361; x_wconf 89' lang='lat' dir='ltr'><strong>sit.</strong></span> <span class='ocrx_word' id='word_1_143' title='bbox 2671 2300 2912 2361; x_wconf 87' lang='lat' dir='ltr'><strong>Laudet</strong></span> <span class='ocrx_word' id='word_1_144' title='bbox 2939 2307 3004 2363; x_wconf 89' lang='lat' dir='ltr'><strong>te</strong></span> <span class='ocrx_word' id='word_1_145' title='bbox 3029 2300 3102 2360; x_wconf 86' lang='lat' dir='ltr'><strong>os</strong></span> <span class='ocrx_word' id='word_1_146' title='bbox 3120 2301 3396 2362; x_wconf 88' lang='lat' dir='ltr'><strong>alienum</strong></span> <span class='ocrx_word' id='word_1_147' title='bbox 3418 2320 3547 2364; x_wconf 87' lang='lat' dir='ltr'><strong>non</strong></span> <span class='ocrx_word' id='word_1_148' title='bbox 3569 2308 3763 2363; x_wconf 91' lang='lat' dir='ltr'><strong>tuum.</strong></span> 
     </span>
     <span class='ocr_line' id='line_1_16' title="bbox 956 2382 3763 2466; baseline 0.001 -21"><span class='ocrx_word' id='word_1_149' title='bbox 956 2382 1087 2446; x_wconf 86' lang='lat' dir='ltr'><strong>Sed</strong></span> <span class='ocrx_word' id='word_1_150' title='bbox 1116 2388 1267 2466; x_wconf 86' lang='lat' dir='ltr'><strong>quia</strong></span> <span class='ocrx_word' id='word_1_151' title='bbox 1296 2384 1419 2446; x_wconf 88' lang='lat' dir='ltr'><strong>deo</strong></span> <span class='ocrx_word' id='word_1_152' title='bbox 1456 2386 1716 2447; x_wconf 87' lang='lat' dir='ltr'><strong>iubente</strong></span> <span class='ocrx_word' id='word_1_153' title='bbox 1755 2392 1821 2447; x_wconf 88' lang='lat' dir='ltr'><strong>et</strong></span> <span class='ocrx_word' id='word_1_154' title='bbox 1860 2391 2182 2445; x_wconf 89' lang='lat' dir='ltr'><strong>annuente</strong></span> <span class='ocrx_word' id='word_1_155' title='bbox 2223 2404 2309 2445; x_wconf 87' lang='lat' dir='ltr'><strong>ex</strong></span> <span class='ocrx_word' id='word_1_156' title='bbox 2347 2402 2508 2465; x_wconf 86' lang='lat' dir='ltr'><strong>pura</strong></span> <span class='ocrx_word' id='word_1_157' title='bbox 2545 2386 2934 2447; x_wconf 89' lang='lat' dir='ltr'><strong>conscientia</strong></span> <span class='ocrx_word' id='word_1_158' title='bbox 2961 2386 3204 2465; x_wconf 88' lang='lat' dir='ltr'><strong>loquor.</strong></span> <span class='ocrx_word' id='word_1_159' title='bbox 3247 2384 3566 2447; x_wconf 89' lang='lat' dir='ltr'><strong>audienda</strong></span> <span class='ocrx_word' id='word_1_160' title='bbox 3604 2388 3763 2449; x_wconf 87' lang='lat' dir='ltr'><strong>sunt.</strong></span> 
     </span>
     <span class='ocr_line' id='line_1_17' title="bbox 956 2467 3762 2549; baseline 0.001 -20"><span class='ocrx_word' id='word_1_161' title='bbox 956 2486 1084 2549; x_wconf 82' lang='lat' dir='ltr'><strong>que</strong></span> <span class='ocrx_word' id='word_1_162' title='bbox 1122 2488 1251 2531; x_wconf 89' lang='lat' dir='ltr'><strong>non</strong></span> <span class='ocrx_word' id='word_1_163' title='bbox 1298 2469 1493 2530; x_wconf 90' lang='lat' dir='ltr'><strong>solum</strong></span> <span class='ocrx_word' id='word_1_164' title='bbox 1535 2470 1615 2531; x_wconf 89' lang='lat' dir='ltr'><strong>ad</strong></span> <span class='ocrx_word' id='word_1_165' title='bbox 1653 2470 2267 2531; x_wconf 88' lang='lat' dir='ltr'><strong>commendationem</strong></span> <span class='ocrx_word' id='word_1_166' title='bbox 2308 2469 2417 2532; x_wconf 87' lang='lat' dir='ltr'><strong>sed</strong></span> <span class='ocrx_word' id='word_1_167' title='bbox 2454 2470 2646 2531; x_wconf 86' lang='lat' dir='ltr'><strong>etiam</strong></span> <span class='ocrx_word' id='word_1_168' title='bbox 2689 2468 2769 2529; x_wconf 89' lang='lat' dir='ltr'><strong>ad</strong></span> <span class='ocrx_word' id='word_1_169' title='bbox 2809 2467 3243 2530; x_wconf 81' lang='lat' dir='ltr'><strong>defensionem</strong></span> <span class='ocrx_word' id='word_1_170' title='bbox 3282 2473 3409 2532; x_wconf 89' lang='lat' dir='ltr'><strong>mei</strong></span> <span class='ocrx_word' id='word_1_171' title='bbox 3443 2469 3762 2549; x_wconf 87' lang='lat' dir='ltr'><strong>depromo.</strong></span> 
     </span>
     <span class='ocr_line' id='line_1_18' title="bbox 954 2552 3764 2633; baseline 0.001 -18"><span class='ocrx_word' id='word_1_172' title='bbox 954 2571 1040 2615; x_wconf 89' lang='lat' dir='ltr'><strong>ne</strong></span> <span class='ocrx_word' id='word_1_173' title='bbox 1091 2552 1253 2615; x_wconf 89' lang='lat' dir='ltr'><strong>forte</strong></span> <span class='ocrx_word' id='word_1_174' title='bbox 1302 2572 1384 2614; x_wconf 90' lang='lat' dir='ltr'><strong>ea</strong></span> <span class='ocrx_word' id='word_1_175' title='bbox 1422 2572 1549 2633; x_wconf 89' lang='lat' dir='ltr'><strong>que</strong></span> <span class='ocrx_word' id='word_1_176' title='bbox 1600 2554 1773 2614; x_wconf 87' lang='lat' dir='ltr'><strong>bona</strong></span> <span class='ocrx_word' id='word_1_177' title='bbox 1818 2556 2171 2615; x_wconf 88' lang='lat' dir='ltr'><strong>intentione</strong></span> <span class='ocrx_word' id='word_1_178' title='bbox 2212 2553 2358 2613; x_wconf 90' lang='lat' dir='ltr'><strong>feci.</strong></span> <span class='ocrx_word' id='word_1_179' title='bbox 2410 2552 2606 2631; x_wconf 80' lang='lat' dir='ltr'><strong>aliqui</strong></span> <span class='ocrx_word' id='word_1_180' title='bbox 2645 2553 3038 2615; x_wconf 83' lang='lat' dir='ltr'><strong>detractores</strong></span> <span class='ocrx_word' id='word_1_181' title='bbox 3074 2571 3336 2633; x_wconf 86' lang='lat' dir='ltr'><strong>operum</strong></span> <span class='ocrx_word' id='word_1_182' title='bbox 3376 2572 3662 2618; x_wconf 88' lang='lat' dir='ltr'><strong>meorum</strong></span> <span class='ocrx_word' id='word_1_183' title='bbox 3697 2560 3764 2618; x_wconf 92' lang='lat' dir='ltr'><strong>in</strong></span> 
     </span>
     <span class='ocr_line' id='line_1_19' title="bbox 956 2636 3766 2720; baseline 0.002 -21"><span class='ocrx_word' id='word_1_184' title='bbox 956 2638 1261 2700; x_wconf 84' lang='lat' dir='ltr'><strong>sinistram</strong></span> <span class='ocrx_word' id='word_1_185' title='bbox 1290 2645 1535 2717; x_wconf 84' lang='lat' dir='ltr'><strong>partem</strong></span> <span class='ocrx_word' id='word_1_186' title='bbox 1565 2638 1950 2699; x_wconf 87' lang='lat' dir='ltr'><strong>deriuentur.</strong></span> <span class='ocrx_word' id='word_1_187' title='bbox 1993 2645 2056 2698; x_wconf 90' lang='lat' dir='ltr'><strong>et</strong></span> <span class='ocrx_word' id='word_1_188' title='bbox 2094 2636 2206 2697; x_wconf 82' lang='lat' dir='ltr'><strong>flat</strong></span> <span class='ocrx_word' id='word_1_189' title='bbox 2247 2637 2373 2698; x_wconf 80' lang='lat' dir='ltr'><strong>illis</strong></span> <span class='ocrx_word' id='word_1_190' title='bbox 2416 2639 2485 2697; x_wconf 90' lang='lat' dir='ltr'><strong>in</strong></span> <span class='ocrx_word' id='word_1_191' title='bbox 2530 2637 2881 2715; x_wconf 88' lang='lat' dir='ltr'><strong>scrupulum</strong></span> <span class='ocrx_word' id='word_1_192' title='bbox 2912 2636 3298 2716; x_wconf 88' lang='lat' dir='ltr'><strong>perdiciouis</strong></span> <span class='ocrx_word' id='word_1_193' title='bbox 3328 2639 3497 2720; x_wconf 85' lang='lat' dir='ltr'><strong>quod</strong></span> <span class='ocrx_word' id='word_1_194' title='bbox 3527 2640 3766 2704; x_wconf 87' lang='lat' dir='ltr'><strong>factum</strong></span> 
     </span>
     <span class='ocr_line' id='line_1_20' title="bbox 956 2720 3214 2803; baseline -0 -18"><span class='ocrx_word' id='word_1_195' title='bbox 956 2724 1049 2785; x_wconf 74' lang='lat' dir='ltr'><strong>est</strong></span> <span class='ocrx_word' id='word_1_196' title='bbox 1080 2741 1119 2784; x_wconf 89' lang='lat' dir='ltr'><strong>a</strong></span> <span class='ocrx_word' id='word_1_197' title='bbox 1146 2742 1251 2785; x_wconf 86' lang='lat' dir='ltr'><strong>me</strong></span> <span class='ocrx_word' id='word_1_198' title='bbox 1280 2722 1541 2803; x_wconf 74' lang='lat' dir='ltr'><strong>simplici</strong></span> <span class='ocrx_word' id='word_1_199' title='bbox 1572 2742 1657 2785; x_wconf 85' lang='lat' dir='ltr'><strong>ex</strong></span> <span class='ocrx_word' id='word_1_200' title='bbox 1688 2721 1879 2784; x_wconf 88' lang='lat' dir='ltr'><strong>eorde</strong></span> <span class='ocrx_word' id='word_1_201' title='bbox 1908 2741 2023 2803; x_wconf 86' lang='lat' dir='ltr'><strong>pro</strong></span> <span class='ocrx_word' id='word_1_202' title='bbox 2054 2720 2437 2783; x_wconf 80' lang='lat' dir='ltr'><strong>defensione</strong></span> <span class='ocrx_word' id='word_1_203' title='bbox 2466 2721 2621 2781; x_wconf 87' lang='lat' dir='ltr'><strong>mihi</strong></span> <span class='ocrx_word' id='word_1_204' title='bbox 2649 2720 2892 2783; x_wconf 90' lang='lat' dir='ltr'><strong>credite</strong></span> <span class='ocrx_word' id='word_1_205' title='bbox 2923 2722 3214 2785; x_wconf 89' lang='lat' dir='ltr'><strong>ecclesie.</strong></span> 
     </span>
    </p>

    <p class='ocr_par' dir='ltr' id='par_1_5' title="bbox 946 2806 3822 4078">
     <span class='ocr_line' id='line_1_21' title="bbox 1128 2806 3764 2891; baseline 0.002 -23"><span class='ocrx_word' id='word_1_206' title='bbox 1128 2811 1328 2891; x_wconf 82' lang='lat' dir='ltr'><strong>Igitur</strong></span> <span class='ocrx_word' id='word_1_207' title='bbox 1356 2828 1443 2870; x_wconf 88' lang='lat' dir='ltr'><strong>ex</strong></span> <span class='ocrx_word' id='word_1_208' title='bbox 1473 2826 1599 2889; x_wconf 88' lang='lat' dir='ltr'><strong>quo</strong></span> <span class='ocrx_word' id='word_1_209' title='bbox 1631 2811 1898 2887; x_wconf 87' lang='lat' dir='ltr'><strong>primum</strong></span> <span class='ocrx_word' id='word_1_210' title='bbox 1928 2808 2161 2869; x_wconf 87' lang='lat' dir='ltr'><strong>intraui</strong></span> <span class='ocrx_word' id='word_1_211' title='bbox 2191 2826 2307 2888; x_wconf 91' lang='lat' dir='ltr'><strong>per</strong></span> <span class='ocrx_word' id='word_1_212' title='bbox 2346 2806 2585 2869; x_wconf 87' lang='lat' dir='ltr'><strong>domini</strong></span> <span class='ocrx_word' id='word_1_213' title='bbox 2613 2809 2904 2889; x_wconf 82' lang='lat' dir='ltr'><strong>gratiam.</strong></span> <span class='ocrx_word' id='word_1_214' title='bbox 2941 2813 3006 2867; x_wconf 88' lang='lat' dir='ltr'><strong>et</strong></span> <span class='ocrx_word' id='word_1_215' title='bbox 3048 2808 3227 2888; x_wconf 87' lang='lat' dir='ltr'><strong>regis</strong></span> <span class='ocrx_word' id='word_1_216' title='bbox 3248 2808 3622 2871; x_wconf 78' lang='lat' dir='ltr'><strong>Chuni-adi</strong></span> <span class='ocrx_word' id='word_1_217' title='bbox 3663 2830 3764 2872; x_wconf 93' lang='lat' dir='ltr'><strong>ur-</strong></span> 
     </span>
     <span class='ocr_line' id='line_1_22' title="bbox 956 2890 3764 2975; baseline 0.001 -22"><span class='ocrx_word' id='word_1_218' title='bbox 956 2900 1155 2975; x_wconf 82' lang='lat' dir='ltr'><strong>gente</strong></span> <span class='ocrx_word' id='word_1_219' title='bbox 1194 2896 1481 2973; x_wconf 88' lang='lat' dir='ltr'><strong>imperio.</strong></span> <span class='ocrx_word' id='word_1_220' title='bbox 1528 2900 1592 2955; x_wconf 89' lang='lat' dir='ltr'><strong>et</strong></span> <span class='ocrx_word' id='word_1_221' title='bbox 1633 2892 1894 2955; x_wconf 84' lang='lat' dir='ltr'><strong>fratrum</strong></span> <span class='ocrx_word' id='word_1_222' title='bbox 1931 2896 2255 2971; x_wconf 85' lang='lat' dir='ltr'><strong>totiusque</strong></span> <span class='ocrx_word' id='word_1_223' title='bbox 2294 2892 2486 2954; x_wconf 80' lang='lat' dir='ltr'><strong>buius</strong></span> <span class='ocrx_word' id='word_1_224' title='bbox 2529 2892 2736 2971; x_wconf 89' lang='lat' dir='ltr'><strong>plebis</strong></span> <span class='ocrx_word' id='word_1_225' title='bbox 2767 2890 3187 2969; x_wconf 86' lang='lat' dir='ltr'><strong>compellente</strong></span> <span class='ocrx_word' id='word_1_226' title='bbox 3231 2892 3567 2955; x_wconf 88' lang='lat' dir='ltr'><strong>electione.</strong></span> <span class='ocrx_word' id='word_1_227' title='bbox 3620 2900 3764 2974; x_wconf 86' lang='lat' dir='ltr'><strong>cepi</strong></span> 
     </span>
     <span class='ocr_line' id='line_1_23' title="bbox 957 2974 3763 3060; baseline 0.001 -20"><span class='ocrx_word' id='word_1_228' title='bbox 957 2978 1273 3060; x_wconf 88' lang='lat' dir='ltr'><strong>quomodo</strong></span> <span class='ocrx_word' id='word_1_229' title='bbox 1315 2979 1437 3041; x_wconf 89' lang='lat' dir='ltr'><strong>deo</strong></span> <span class='ocrx_word' id='word_1_230' title='bbox 1482 2979 1827 3042; x_wconf 88' lang='lat' dir='ltr'><strong>adiuuante</strong></span> <span class='ocrx_word' id='word_1_231' title='bbox 1870 2982 1997 3040; x_wconf 90' lang='lat' dir='ltr'><strong>iam</strong></span> <span class='ocrx_word' id='word_1_232' title='bbox 2044 2977 2387 3038; x_wconf 88' lang='lat' dir='ltr'><strong>desolatam</strong></span> <span class='ocrx_word' id='word_1_233' title='bbox 2436 2976 2622 3038; x_wconf 87' lang='lat' dir='ltr'><strong>hanc.</strong></span> <span class='ocrx_word' id='word_1_234' title='bbox 2667 2983 2731 3038; x_wconf 90' lang='lat' dir='ltr'><strong>et</strong></span> <span class='ocrx_word' id='word_1_235' title='bbox 2765 2995 2937 3057; x_wconf 88' lang='lat' dir='ltr'><strong>pene</strong></span> <span class='ocrx_word' id='word_1_236' title='bbox 2978 2974 3059 3037; x_wconf 89' lang='lat' dir='ltr'><strong>ad</strong></span> <span class='ocrx_word' id='word_1_237' title='bbox 3095 2975 3396 3038; x_wconf 87' lang='lat' dir='ltr'><strong>nichilum</strong></span> <span class='ocrx_word' id='word_1_238' title='bbox 3435 2980 3763 3042; x_wconf 88' lang='lat' dir='ltr'><strong>redactam</strong></span> 
     </span>
     <span class='ocr_line' id='line_1_24' title="bbox 957 3060 3763 3139; baseline -0 -13"><span class='ocrx_word' id='word_1_239' title='bbox 957 3064 1295 3127; x_wconf 86' lang='lat' dir='ltr'><strong>eeclesiam</strong></span> <span class='ocrx_word' id='word_1_240' title='bbox 1338 3067 1417 3127; x_wconf 93' lang='lat' dir='ltr'><strong>ab</strong></span> <span class='ocrx_word' id='word_1_241' title='bbox 1456 3065 1788 3125; x_wconf 87' lang='lat' dir='ltr'><strong>inuasione</strong></span> <span class='ocrx_word' id='word_1_242' title='bbox 1836 3071 1901 3123; x_wconf 90' lang='lat' dir='ltr'><strong>et</strong></span> <span class='ocrx_word' id='word_1_243' title='bbox 1941 3061 2293 3138; x_wconf 90' lang='lat' dir='ltr'><strong>direptione</strong></span> <span class='ocrx_word' id='word_1_244' title='bbox 2343 3061 2736 3139; x_wconf 87' lang='lat' dir='ltr'><strong>quorundam</strong></span> <span class='ocrx_word' id='word_1_245' title='bbox 2777 3061 3020 3139; x_wconf 88' lang='lat' dir='ltr'><strong>possem</strong></span> <span class='ocrx_word' id='word_1_246' title='bbox 3058 3060 3348 3123; x_wconf 86' lang='lat' dir='ltr'><strong>liberare.</strong></span> <span class='ocrx_word' id='word_1_247' title='bbox 3406 3063 3553 3123; x_wconf 87' lang='lat' dir='ltr'><strong>Erat</strong></span> <span class='ocrx_word' id='word_1_248' title='bbox 3593 3069 3763 3125; x_wconf 89' lang='lat' dir='ltr'><strong>enim</strong></span> 
     </span>
     <span class='ocr_line' id='line_1_25' title="bbox 953 3141 3764 3226; baseline 0 -16"><span class='ocrx_word' id='word_1_249' title='bbox 953 3157 1111 3210; x_wconf 79' lang='lat' dir='ltr'><strong>uere</strong></span> <span class='ocrx_word' id='word_1_250' title='bbox 1144 3151 1365 3210; x_wconf 88' lang='lat' dir='ltr'><strong>uidere</strong></span> <span class='ocrx_word' id='word_1_251' title='bbox 1394 3149 1666 3208; x_wconf 89' lang='lat' dir='ltr'><strong>miseria.</strong></span> <span class='ocrx_word' id='word_1_252' title='bbox 1700 3146 1868 3226; x_wconf 88' lang='lat' dir='ltr'><strong>quod</strong></span> <span class='ocrx_word' id='word_1_253' title='bbox 1911 3151 2039 3205; x_wconf 86' lang='lat' dir='ltr'><strong>tam</strong></span> <span class='ocrx_word' id='word_1_254' title='bbox 2078 3144 2307 3204; x_wconf 88' lang='lat' dir='ltr'><strong>nobilis</strong></span> <span class='ocrx_word' id='word_1_255' title='bbox 2339 3141 2563 3221; x_wconf 66' lang='lat'>(191⁵)</span> <span class='ocrx_word' id='word_1_256' title='bbox 2601 3144 2794 3204; x_wconf 85' lang='lat' dir='ltr'><strong>locus.</strong></span> <span class='ocrx_word' id='word_1_257' title='bbox 2842 3151 2908 3204; x_wconf 88' lang='lat' dir='ltr'><strong>et</strong></span> <span class='ocrx_word' id='word_1_258' title='bbox 2949 3146 3243 3207; x_wconf 73' lang='lat' dir='ltr'><strong>omnibus</strong></span> <span class='ocrx_word' id='word_1_259' title='bbox 3281 3145 3572 3220; x_wconf 85' lang='lat' dir='ltr'><strong>fidelibus</strong></span> <span class='ocrx_word' id='word_1_260' title='bbox 3609 3148 3764 3210; x_wconf 89' lang='lat' dir='ltr'><strong>ada-</strong></span> 
     </span>
     <span class='ocr_line' id='line_1_26' title="bbox 952 3228 3760 3313; baseline 0.001 -19"><span class='ocrx_word' id='word_1_261' title='bbox 952 3240 1167 3295; x_wconf 74' lang='lat' dir='ltr'><strong>matus</strong></span> <span class='ocrx_word' id='word_1_262' title='bbox 1198 3239 1391 3313; x_wconf 87' lang='lat' dir='ltr'><strong>atque</strong></span> <span class='ocrx_word' id='word_1_263' title='bbox 1422 3231 1761 3309; x_wconf 84' lang='lat' dir='ltr'><strong>exoptatus</strong></span> <span class='ocrx_word' id='word_1_264' title='bbox 1786 3229 1866 3291; x_wconf 88' lang='lat' dir='ltr'><strong>ad</strong></span> <span class='ocrx_word' id='word_1_265' title='bbox 1898 3234 2139 3290; x_wconf 88' lang='lat' dir='ltr'><strong>tantam</strong></span> <span class='ocrx_word' id='word_1_266' title='bbox 2168 3229 2635 3311; x_wconf 83' lang='lat' dir='ltr'><strong>negligentiam</strong></span> <span class='ocrx_word' id='word_1_267' title='bbox 2659 3228 3030 3290; x_wconf 88' lang='lat' dir='ltr'><strong>deuenerat.</strong></span> <span class='ocrx_word' id='word_1_268' title='bbox 3065 3235 3132 3290; x_wconf 92' lang='lat' dir='ltr'><strong>ut</strong></span> <span class='ocrx_word' id='word_1_269' title='bbox 3161 3249 3292 3291; x_wconf 91' lang='lat' dir='ltr'><strong>non</strong></span> <span class='ocrx_word' id='word_1_270' title='bbox 3316 3232 3476 3293; x_wconf 88' lang='lat' dir='ltr'><strong>esset</strong></span> <span class='ocrx_word' id='word_1_271' title='bbox 3499 3237 3565 3294; x_wconf 90' lang='lat' dir='ltr'><strong>in</strong></span> <span class='ocrx_word' id='word_1_272' title='bbox 3588 3237 3760 3297; x_wconf 88' lang='lat' dir='ltr'><strong>omni</strong></span> 
     </span>
     <span class='ocr_line' id='line_1_27' title="bbox 954 3314 3761 3400; baseline 0 -22"><span class='ocrx_word' id='word_1_273' title='bbox 954 3324 1228 3398; x_wconf 87' lang='lat' dir='ltr'><strong>apoteca</strong></span> <span class='ocrx_word' id='word_1_274' title='bbox 1257 3316 1517 3378; x_wconf 79' lang='lat' dir='ltr'><strong>fratrum</strong></span> <span class='ocrx_word' id='word_1_275' title='bbox 1554 3316 1659 3376; x_wconf 88' lang='lat' dir='ltr'><strong>uel</strong></span> <span class='ocrx_word' id='word_1_276' title='bbox 1692 3316 1941 3378; x_wconf 79' lang='lat' dir='ltr'><strong>abbatis</strong></span> <span class='ocrx_word' id='word_1_277' title='bbox 1972 3314 2141 3377; x_wconf 88' lang='lat' dir='ltr'><strong>unde</strong></span> <span class='ocrx_word' id='word_1_278' title='bbox 2172 3314 2424 3394; x_wconf 87' lang='lat' dir='ltr'><strong>possent</strong></span> <span class='ocrx_word' id='word_1_279' title='bbox 2463 3314 2696 3376; x_wconf 79' lang='lat' dir='ltr'><strong>fratres</strong></span> <span class='ocrx_word' id='word_1_280' title='bbox 2726 3321 2856 3374; x_wconf 89' lang='lat' dir='ltr'><strong>tam</strong></span> <span class='ocrx_word' id='word_1_281' title='bbox 2899 3314 3268 3377; x_wconf 89' lang='lat' dir='ltr'><strong>uenerande</strong></span> <span class='ocrx_word' id='word_1_282' title='bbox 3307 3322 3761 3400; x_wconf 85' lang='lat' dir='ltr'><strong>congregatio-</strong></span> 
     </span>
     <span class='ocr_line' id='line_1_28' title="bbox 954 3399 3758 3483; baseline 0.001 -19"><span class='ocrx_word' id='word_1_283' title='bbox 954 3406 1057 3464; x_wconf 81' lang='lat' dir='ltr'><strong>nia</strong></span> <span class='ocrx_word' id='word_1_284' title='bbox 1087 3421 1206 3483; x_wconf 89' lang='lat' dir='ltr'><strong>per</strong></span> <span class='ocrx_word' id='word_1_285' title='bbox 1232 3402 1399 3464; x_wconf 89' lang='lat' dir='ltr'><strong>diem</strong></span> <span class='ocrx_word' id='word_1_286' title='bbox 1433 3403 1779 3463; x_wconf 87' lang='lat' dir='ltr'><strong>sustentari.</strong></span> <span class='ocrx_word' id='word_1_287' title='bbox 1810 3402 1939 3462; x_wconf 89' lang='lat' dir='ltr'><strong>Nec</strong></span> <span class='ocrx_word' id='word_1_288' title='bbox 1970 3403 2213 3462; x_wconf 89' lang='lat' dir='ltr'><strong>mirum.</strong></span> <span class='ocrx_word' id='word_1_289' title='bbox 2261 3399 2415 3460; x_wconf 82' lang='lat' dir='ltr'><strong>Nam</strong></span> <span class='ocrx_word' id='word_1_290' title='bbox 2447 3399 2593 3461; x_wconf 86' lang='lat' dir='ltr'><strong>laici</strong></span> <span class='ocrx_word' id='word_1_291' title='bbox 2635 3399 2957 3461; x_wconf 86' lang='lat' dir='ltr'><strong>habebant</strong></span> <span class='ocrx_word' id='word_1_292' title='bbox 2995 3403 3158 3460; x_wconf 89' lang='lat' dir='ltr'><strong>inter</strong></span> <span class='ocrx_word' id='word_1_293' title='bbox 3201 3403 3270 3462; x_wconf 90' lang='lat' dir='ltr'><strong>se</strong></span> <span class='ocrx_word' id='word_1_294' title='bbox 3309 3401 3533 3461; x_wconf 87' lang='lat' dir='ltr'><strong>omnes</strong></span> <span class='ocrx_word' id='word_1_295' title='bbox 3567 3403 3758 3466; x_wconf 79' lang='lat' dir='ltr'><strong>huius</strong></span> 
     </span>
     <span class='ocr_line' id='line_1_29' title="bbox 952 3484 3755 3567; baseline 0.001 -19"><span class='ocrx_word' id='word_1_296' title='bbox 952 3489 1317 3556; x_wconf 75' lang='lat' dir='ltr'><strong>monasterii</strong></span> <span class='ocrx_word' id='word_1_297' title='bbox 1344 3487 1781 3549; x_wconf 88' lang='lat' dir='ltr'><strong>uillicationes.</strong></span> <span class='ocrx_word' id='word_1_298' title='bbox 1820 3492 1887 3546; x_wconf 90' lang='lat' dir='ltr'><strong>et</strong></span> <span class='ocrx_word' id='word_1_299' title='bbox 1928 3485 2097 3567; x_wconf 88' lang='lat' dir='ltr'><strong>quod</strong></span> <span class='ocrx_word' id='word_1_300' title='bbox 2140 3485 2440 3547; x_wconf 87' lang='lat' dir='ltr'><strong>uolebant</strong></span> <span class='ocrx_word' id='word_1_301' title='bbox 2479 3485 2732 3547; x_wconf 87' lang='lat' dir='ltr'><strong>dabant.</strong></span> <span class='ocrx_word' id='word_1_302' title='bbox 2779 3484 2948 3566; x_wconf 88' lang='lat' dir='ltr'><strong>quod</strong></span> <span class='ocrx_word' id='word_1_303' title='bbox 2991 3485 3292 3546; x_wconf 81' lang='lat' dir='ltr'><strong>uolebant</strong></span> <span class='ocrx_word' id='word_1_304' title='bbox 3334 3489 3755 3551; x_wconf 87' lang='lat' dir='ltr'><strong>retentabant.</strong></span> 
     </span>
     <span class='ocr_line' id='line_1_30' title="bbox 950 3569 3754 3654; baseline 0 -20"><span class='ocrx_word' id='word_1_305' title='bbox 950 3573 1086 3635; x_wconf 85' lang='lat' dir='ltr'><strong>Hac</strong></span> <span class='ocrx_word' id='word_1_306' title='bbox 1114 3577 1375 3654; x_wconf 88' lang='lat' dir='ltr'><strong>inquam</strong></span> <span class='ocrx_word' id='word_1_307' title='bbox 1406 3573 1743 3634; x_wconf 88' lang='lat' dir='ltr'><strong>occasione</strong></span> <span class='ocrx_word' id='word_1_308' title='bbox 1774 3573 2053 3632; x_wconf 85' lang='lat' dir='ltr'><strong>maxima</strong></span> <span class='ocrx_word' id='word_1_309' title='bbox 2081 3569 2399 3632; x_wconf 86' lang='lat' dir='ltr'><strong>distractio</strong></span> <span class='ocrx_word' id='word_1_310' title='bbox 2431 3573 2696 3649; x_wconf 88' lang='lat' dir='ltr'><strong>primum</strong></span> <span class='ocrx_word' id='word_1_311' title='bbox 2741 3569 2912 3633; x_wconf 84' lang='lat' dir='ltr'><strong>sacta</strong></span> <span class='ocrx_word' id='word_1_312' title='bbox 2959 3576 3062 3630; x_wconf 84' lang='lat' dir='ltr'><strong>est</strong></span> <span class='ocrx_word' id='word_1_313' title='bbox 3089 3570 3238 3633; x_wconf 90' lang='lat' dir='ltr'><strong>huic</strong></span> <span class='ocrx_word' id='word_1_314' title='bbox 3271 3571 3560 3634; x_wconf 85' lang='lat' dir='ltr'><strong>ecclesie.</strong></span> <span class='ocrx_word' id='word_1_315' title='bbox 3599 3574 3754 3634; x_wconf 88' lang='lat' dir='ltr'><strong>Nam</strong></span> 
     </span>
     <span class='ocr_line' id='line_1_31' title="bbox 950 3656 3762 3741; baseline -0 -21"><span class='ocrx_word' id='word_1_316' title='bbox 950 3661 1345 3741; x_wconf 72' lang='lat' dir='ltr'><strong>quicumque·</strong></span> <span class='ocrx_word' id='word_1_317' title='bbox 1365 3659 1670 3720; x_wconf 87' lang='lat' dir='ltr'><strong>laicorum</strong></span> <span class='ocrx_word' id='word_1_318' title='bbox 1700 3658 2023 3737; x_wconf 86' lang='lat' dir='ltr'><strong>aliquanto</strong></span> <span class='ocrx_word' id='word_1_319' title='bbox 2055 3662 2339 3734; x_wconf 90' lang='lat' dir='ltr'><strong>tempore</strong></span> <span class='ocrx_word' id='word_1_320' title='bbox 2362 3656 2640 3716; x_wconf 88' lang='lat' dir='ltr'><strong>habebat</strong></span> <span class='ocrx_word' id='word_1_321' title='bbox 2667 3659 2832 3716; x_wconf 89' lang='lat' dir='ltr'><strong>inter</strong></span> <span class='ocrx_word' id='word_1_322' title='bbox 2853 3656 3080 3715; x_wconf 89' lang='lat' dir='ltr'><strong>manus</strong></span> <span class='ocrx_word' id='word_1_323' title='bbox 3103 3657 3552 3718; x_wconf 88' lang='lat' dir='ltr'><strong>uillicationem</strong></span> <span class='ocrx_word' id='word_1_324' title='bbox 3575 3660 3762 3719; x_wconf 92' lang='lat' dir='ltr'><strong>huius</strong></span> 
     </span>
     <span class='ocr_line' id='line_1_32' title="bbox 952 3740 3822 3823; baseline 0.001 -21"><span class='ocrx_word' id='word_1_325' title='bbox 952 3743 1225 3805; x_wconf 86' lang='lat' dir='ltr'><strong>abbatie.</strong></span> <span class='ocrx_word' id='word_1_326' title='bbox 1258 3747 1531 3823; x_wconf 75' lang='lat' dir='ltr'><strong>optimos</strong></span> <span class='ocrx_word' id='word_1_327' title='bbox 1563 3741 1798 3804; x_wconf 83' lang='lat' dir='ltr'><strong>exinde</strong></span> <span class='ocrx_word' id='word_1_328' title='bbox 1829 3741 1943 3802; x_wconf 88' lang='lat' dir='ltr'><strong>sibi</strong></span> <span class='ocrx_word' id='word_1_329' title='bbox 1972 3745 2231 3819; x_wconf 85' lang='lat' dir='ltr'><strong>excepit</strong></span> <span class='ocrx_word' id='word_1_330' title='bbox 2258 3741 2543 3801; x_wconf 66' lang='lat' dir='ltr'><strong>mansos:</strong></span> <span class='ocrx_word' id='word_1_331' title='bbox 2569 3740 2805 3820; x_wconf 89' lang='lat' dir='ltr'><strong>eosque</strong></span> <span class='ocrx_word' id='word_1_332' title='bbox 2828 3758 2942 3818; x_wconf 90' lang='lat' dir='ltr'><strong>pro</strong></span> <span class='ocrx_word' id='word_1_333' title='bbox 2965 3740 3325 3803; x_wconf 83' lang='lat' dir='ltr'><strong>beneficiali</strong></span> <span class='ocrx_word' id='word_1_334' title='bbox 3353 3745 3492 3802; x_wconf 91' lang='lat' dir='ltr'><strong>iure</strong></span> <span class='ocrx_word' id='word_1_335' title='bbox 3514 3746 3582 3804; x_wconf 89' lang='lat' dir='ltr'><strong>in</strong></span> <span class='ocrx_word' id='word_1_336' title='bbox 3604 3745 3753 3805; x_wconf 76' lang='lat' dir='ltr'><strong>mos</strong></span> <span class='ocrx_word' id='word_1_337' title='bbox 3813 3751 3822 3756; x_wconf 82' lang='grc'><strong>’</strong></span> 
     </span>
     <span class='ocr_line' id='line_1_33' title="bbox 948 3824 3754 3906; baseline 0.001 -19"><span class='ocrx_word' id='word_1_338' title='bbox 948 3827 1327 3890; x_wconf 86' lang='lat' dir='ltr'><strong>hereditauit</strong></span> <span class='ocrx_word' id='word_1_339' title='bbox 1356 3829 1543 3888; x_wconf 72' lang='lat' dir='ltr'><strong>filice.</strong></span> <span class='ocrx_word' id='word_1_340' title='bbox 1574 3830 1665 3887; x_wconf 89' lang='lat' dir='ltr'><strong>ita</strong></span> <span class='ocrx_word' id='word_1_341' title='bbox 1694 3833 1762 3887; x_wconf 88' lang='lat' dir='ltr'><strong>ut</strong></span> <span class='ocrx_word' id='word_1_342' title='bbox 1792 3827 2005 3906; x_wconf 87' lang='lat' dir='ltr'><strong>aliqua</strong></span> <span class='ocrx_word' id='word_1_343' title='bbox 2042 3827 2343 3888; x_wconf 89' lang='lat' dir='ltr'><strong>uillicatio</strong></span> <span class='ocrx_word' id='word_1_344' title='bbox 2382 3824 2598 3905; x_wconf 88' lang='lat' dir='ltr'><strong>plures</strong></span> <span class='ocrx_word' id='word_1_345' title='bbox 2633 3828 2945 3887; x_wconf 87' lang='lat' dir='ltr'><strong>amitteret</strong></span> <span class='ocrx_word' id='word_1_346' title='bbox 2972 3825 3178 3889; x_wconf 86' lang='lat' dir='ltr'><strong>hubas</strong></span> <span class='ocrx_word' id='word_1_347' title='bbox 3209 3843 3401 3906; x_wconf 88' lang='lat' dir='ltr'><strong>quam</strong></span> <span class='ocrx_word' id='word_1_348' title='bbox 3431 3831 3754 3890; x_wconf 87' lang='lat' dir='ltr'><strong>retineret.</strong></span> 
     </span>
     <span class='ocr_line' id='line_1_34' title="bbox 946 3909 3753 3992; baseline 0.001 -21"><span class='ocrx_word' id='word_1_349' title='bbox 946 3911 1023 3973; x_wconf 85' lang='lat' dir='ltr'><strong>Et</strong></span> <span class='ocrx_word' id='word_1_350' title='bbox 1049 3911 1350 3974; x_wconf 89' lang='lat' dir='ltr'><strong>uillicatio</strong></span> <span class='ocrx_word' id='word_1_351' title='bbox 1380 3929 1507 3992; x_wconf 90' lang='lat' dir='ltr'><strong>que</strong></span> <span class='ocrx_word' id='word_1_352' title='bbox 1536 3910 1811 3973; x_wconf 87' lang='lat' dir='ltr'><strong>debebat</strong></span> <span class='ocrx_word' id='word_1_353' title='bbox 1841 3911 2078 3971; x_wconf 88' lang='lat' dir='ltr'><strong>seruire</strong></span> <span class='ocrx_word' id='word_1_354' title='bbox 2106 3913 2171 3971; x_wconf 90' lang='lat' dir='ltr'><strong>in</strong></span> <span class='ocrx_word' id='word_1_355' title='bbox 2204 3911 2586 3976; x_wconf 85' lang='lat' dir='ltr'><strong>monasterio</strong></span> <span class='ocrx_word' id='word_1_356' title='bbox 2617 3909 2699 3972; x_wconf 88' lang='lat' dir='ltr'><strong>ad</strong></span> <span class='ocrx_word' id='word_1_357' title='bbox 2731 3909 2926 3970; x_wconf 77' lang='lat' dir='ltr'><strong>,x1111.</strong></span> <span class='ocrx_word' id='word_1_358' title='bbox 2960 3909 3109 3972; x_wconf 90' lang='lat' dir='ltr'><strong>dies.</strong></span> <span class='ocrx_word' id='word_1_359' title='bbox 3141 3913 3256 3972; x_wconf 86' lang='lat' dir='ltr'><strong>nix</strong></span> <span class='ocrx_word' id='word_1_360' title='bbox 3287 3910 3429 3972; x_wconf 67' lang='lat' dir='ltr'><strong>Nn.</strong></span> <span class='ocrx_word' id='word_1_361' title='bbox 3473 3912 3753 3975; x_wconf 87' lang='lat' dir='ltr'><strong>seruiret.</strong></span> 
     </span>
     <span class='ocr_line' id='line_1_35' title="bbox 947 3993 3753 4078; baseline 0.001 -22"><span class='ocrx_word' id='word_1_362' title='bbox 947 3995 1023 4056; x_wconf 83' lang='lat' dir='ltr'><strong>Et</strong></span> <span class='ocrx_word' id='word_1_363' title='bbox 1052 4013 1179 4076; x_wconf 86' lang='lat' dir='ltr'><strong>que</strong></span> <span class='ocrx_word' id='word_1_364' title='bbox 1211 3997 1353 4058; x_wconf 70' lang='grc' dir='ltr'><strong>ΝΠ.</strong></span> <span class='ocrx_word' id='word_1_365' title='bbox 1382 3999 1497 4058; x_wconf 81' lang='lat' dir='ltr'><strong>uix</strong></span> <span class='ocrx_word' id='word_1_366' title='bbox 1539 3996 1670 4056; x_wconf 88' lang='lat' dir='ltr'><strong>tres</strong></span> <span class='ocrx_word' id='word_1_367' title='bbox 1702 3993 1854 4057; x_wconf 89' lang='lat' dir='ltr'><strong>dies.</strong></span> <span class='ocrx_word' id='word_1_368' title='bbox 1886 3995 1991 4056; x_wconf 90' lang='lat' dir='ltr'><strong>uel</strong></span> <span class='ocrx_word' id='word_1_369' title='bbox 2029 3994 2283 4074; x_wconf 72' lang='lat' dir='ltr'><strong>prorsus</strong></span> <span class='ocrx_word' id='word_1_370' title='bbox 2322 3994 2516 4057; x_wconf 88' lang='lat' dir='ltr'><strong>nichil</strong></span> <span class='ocrx_word' id='word_1_371' title='bbox 2559 3996 2822 4056; x_wconf 87' lang='lat' dir='ltr'><strong>seruiret</strong></span> <span class='ocrx_word' id='word_1_372' title='bbox 2860 3995 3167 4058; x_wconf 85' lang='lat' dir='ltr'><strong>fratribus.</strong></span> <span class='ocrx_word' id='word_1_373' title='bbox 3213 3995 3360 4057; x_wconf 87' lang='lat' dir='ltr'><strong>Erat</strong></span> <span class='ocrx_word' id='word_1_374' title='bbox 3399 4015 3439 4056; x_wconf 90' lang='lat' dir='ltr'><strong>e</strong></span> <span class='ocrx_word' id='word_1_375' title='bbox 3486 4001 3753 4078; x_wconf 87' lang='lat' dir='ltr'><strong>regione</strong></span> 
     </span>
    </p>
   </div>
   <div class='ocr_carea' id='block_1_5' title="bbox 952 4079 3866 4162">
    <p class='ocr_par' dir='ltr' id='par_1_6' title="bbox 952 4079 3866 4162">
     <span class='ocr_line' id='line_1_36' title="bbox 952 4079 3866 4162; baseline 0 -20"><span class='ocrx_word' id='word_1_376' title='bbox 952 4080 1151 4142; x_wconf 88' lang='lat' dir='ltr'><strong>altera</strong></span> <span class='ocrx_word' id='word_1_377' title='bbox 1183 4088 1246 4142; x_wconf 92' lang='lat' dir='ltr'><strong>et</strong></span> <span class='ocrx_word' id='word_1_378' title='bbox 1276 4081 1471 4142; x_wconf 86' lang='lat' dir='ltr'><strong>multo</strong></span> <span class='ocrx_word' id='word_1_379' title='bbox 1502 4081 1952 4142; x_wconf 88' lang='lat' dir='ltr'><strong>intolerabilior</strong></span> <span class='ocrx_word' id='word_1_380' title='bbox 1978 4082 2249 4142; x_wconf 89' lang='lat' dir='ltr'><strong>miseria.</strong></span> <span class='ocrx_word' id='word_1_381' title='bbox 2280 4081 2610 4159; x_wconf 88' lang='lat' dir='ltr'><strong>Principes</strong></span> <span class='ocrx_word' id='word_1_382' title='bbox 2632 4079 3031 4140; x_wconf 85' lang='lat' dir='ltr'><strong>diuersarum</strong></span> <span class='ocrx_word' id='word_1_383' title='bbox 3062 4083 3394 4162; x_wconf 87' lang='lat' dir='ltr'><strong>regionum</strong></span> <span class='ocrx_word' id='word_1_384' title='bbox 3426 4081 3754 4144; x_wconf 87' lang='lat' dir='ltr'><strong>sumebant</strong></span> <span class='ocrx_word' id='word_1_385' title='bbox 3863 4103 3866 4106; x_wconf 50' lang='lat'><strong>⁴</strong></span> 
     </span>
    </p>
   </div>
   <div class='ocr_carea' id='block_1_6' title="bbox 946 4163 3758 4500">
    <p class='ocr_par' dir='ltr' id='par_1_7' title="bbox 946 4163 3758 4500">
     <span class='ocr_line' id='line_1_37' title="bbox 948 4163 3754 4243; baseline 0.001 -17"><span class='ocrx_word' id='word_1_386' title='bbox 948 4163 1060 4226; x_wconf 82' lang='lat' dir='ltr'><strong>fibi</strong></span> <span class='ocrx_word' id='word_1_387' title='bbox 1090 4165 1172 4226; x_wconf 89' lang='lat' dir='ltr'><strong>de</strong></span> <span class='ocrx_word' id='word_1_388' title='bbox 1202 4165 1643 4228; x_wconf 80' lang='lat' dir='ltr'><strong>adiacentibus</strong></span> <span class='ocrx_word' id='word_1_389' title='bbox 1674 4166 1788 4226; x_wconf 86' lang='lat' dir='ltr'><strong>sibi</strong></span> <span class='ocrx_word' id='word_1_390' title='bbox 1820 4165 2307 4227; x_wconf 80' lang='lat' dir='ltr'><strong>ecclesie&#39;bonis</strong></span> <span class='ocrx_word' id='word_1_391' title='bbox 2340 4172 2644 4243; x_wconf 86' lang='lat' dir='ltr'><strong>quantum</strong></span> <span class='ocrx_word' id='word_1_392' title='bbox 2677 4166 2788 4225; x_wconf 87' lang='lat' dir='ltr'><strong>sibi</strong></span> <span class='ocrx_word' id='word_1_393' title='bbox 2816 4166 3050 4227; x_wconf 88' lang='lat' dir='ltr'><strong>bonum</strong></span> <span class='ocrx_word' id='word_1_394' title='bbox 3082 4165 3413 4226; x_wconf 85' lang='lat' dir='ltr'><strong>uidebatur</strong></span> <span class='ocrx_word' id='word_1_395' title='bbox 3453 4174 3517 4227; x_wconf 88' lang='lat' dir='ltr'><strong>et</strong></span> <span class='ocrx_word' id='word_1_396' title='bbox 3555 4166 3754 4231; x_wconf 88' lang='lat' dir='ltr'><strong>habe-</strong></span> 
     </span>
     <span class='ocr_line' id='line_1_38' title="bbox 947 4248 3750 4334; baseline 0.001 -23"><span class='ocrx_word' id='word_1_397' title='bbox 947 4251 1100 4312; x_wconf 84' lang='lat' dir='ltr'><strong>bant</strong></span> <span class='ocrx_word' id='word_1_398' title='bbox 1130 4251 1242 4311; x_wconf 86' lang='lat' dir='ltr'><strong>sibi</strong></span> <span class='ocrx_word' id='word_1_399' title='bbox 1271 4252 1449 4330; x_wconf 86' lang='lat' dir='ltr'><strong>quasi</strong></span> <span class='ocrx_word' id='word_1_400' title='bbox 1479 4269 1592 4330; x_wconf 89' lang='lat' dir='ltr'><strong>pro</strong></span> <span class='ocrx_word' id='word_1_401' title='bbox 1624 4249 1959 4312; x_wconf 81' lang='lat' dir='ltr'><strong>beneficio.</strong></span> <span class='ocrx_word' id='word_1_402' title='bbox 1992 4251 2163 4334; x_wconf 79' lang='lat' dir='ltr'><strong>nullo</strong></span> <span class='ocrx_word' id='word_1_403' title='bbox 2195 4251 2292 4312; x_wconf 90' lang='lat' dir='ltr'><strong>eis</strong></span> <span class='ocrx_word' id='word_1_404' title='bbox 2313 4249 2687 4328; x_wconf 84' lang='lat' dir='ltr'><strong>prohibente</strong></span> <span class='ocrx_word' id='word_1_405' title='bbox 2721 4249 2822 4310; x_wconf 90' lang='lat' dir='ltr'><strong>uel</strong></span> <span class='ocrx_word' id='word_1_406' title='bbox 2853 4248 3348 4310; x_wconf 86' lang='lat' dir='ltr'><strong>contradicente.</strong></span> <span class='ocrx_word' id='word_1_407' title='bbox 3389 4249 3507 4324; x_wconf 85' lang='lat' dir='ltr'><strong>Qui</strong></span> <span class='ocrx_word' id='word_1_408' title='bbox 3540 4260 3750 4314; x_wconf 90' lang='lat' dir='ltr'><strong>autem</strong></span> 
     </span>
     <span class='ocr_line' id='line_1_39' title="bbox 946 4334 3758 4415; baseline -0 -19"><span class='ocrx_word' id='word_1_409' title='bbox 946 4336 1363 4415; x_wconf 84' lang='lat' dir='ltr'><strong>pauperiores</strong></span> <span class='ocrx_word' id='word_1_410' title='bbox 1396 4344 1597 4397; x_wconf 88' lang='lat' dir='ltr'><strong>erant.</strong></span> <span class='ocrx_word' id='word_1_411' title='bbox 1638 4335 1961 4396; x_wconf 87' lang='lat' dir='ltr'><strong>faciebant</strong></span> <span class='ocrx_word' id='word_1_412' title='bbox 2008 4335 2118 4396; x_wconf 82' lang='lat' dir='ltr'><strong>fibi</strong></span> <span class='ocrx_word' id='word_1_413' title='bbox 2167 4335 2426 4396; x_wconf 83' lang='lat' dir='ltr'><strong>nonalia</strong></span> <span class='ocrx_word' id='word_1_414' title='bbox 2471 4342 2534 4394; x_wconf 91' lang='lat' dir='ltr'><strong>et</strong></span> <span class='ocrx_word' id='word_1_415' title='bbox 2572 4335 2758 4395; x_wconf 83' lang='lat' dir='ltr'><strong>uillas</strong></span> <span class='ocrx_word' id='word_1_416' title='bbox 2795 4336 2860 4394; x_wconf 92' lang='lat' dir='ltr'><strong>in</strong></span> <span class='ocrx_word' id='word_1_417' title='bbox 2900 4334 3268 4396; x_wconf 80' lang='lat' dir='ltr'><strong>nemoribus</strong></span> <span class='ocrx_word' id='word_1_418' title='bbox 3310 4343 3376 4396; x_wconf 89' lang='lat' dir='ltr'><strong>et</strong></span> <span class='ocrx_word' id='word_1_419' title='bbox 3414 4335 3758 4399; x_wconf 75' lang='lat' dir='ltr'><strong>forestibus</strong></span> 
     </span>
     <span class='ocr_line' id='line_1_40' title="bbox 947 4419 3748 4500; baseline -0 -18"><span class='ocrx_word' id='word_1_420' title='bbox 947 4425 1051 4483; x_wconf 85' lang='lat' dir='ltr'><strong>aci</strong></span> <span class='ocrx_word' id='word_1_421' title='bbox 1077 4420 1407 4482; x_wconf 83' lang='lat' dir='ltr'><strong>Bonifacii.</strong></span> <span class='ocrx_word' id='word_1_422' title='bbox 1442 4419 1599 4494; x_wconf 85' lang='lat' dir='ltr'><strong>Quid</strong></span> <span class='ocrx_word' id='word_1_423' title='bbox 1629 4419 1837 4481; x_wconf 87' lang='lat' dir='ltr'><strong>dicam</strong></span> <span class='ocrx_word' id='word_1_424' title='bbox 1867 4419 1948 4482; x_wconf 90' lang='lat' dir='ltr'><strong>de</strong></span> <span class='ocrx_word' id='word_1_425' title='bbox 1978 4419 2218 4483; x_wconf 85' lang='lat' dir='ltr'><strong>familia</strong></span> <span class='ocrx_word' id='word_1_426' title='bbox 2240 4420 2512 4483; x_wconf 86' lang='lat' dir='ltr'><strong>ecclesie</strong></span> <span class='ocrx_word' id='word_1_427' title='bbox 2543 4437 2669 4500; x_wconf 89' lang='lat' dir='ltr'><strong>que</strong></span> <span class='ocrx_word' id='word_1_428' title='bbox 2691 4419 2901 4480; x_wconf 76' lang='lat' dir='ltr'><strong>ubiuis</strong></span> <span class='ocrx_word' id='word_1_429' title='bbox 2913 4425 3222 4482; x_wconf 84' lang='lat' dir='ltr'><strong>terrarum</strong></span> <span class='ocrx_word' id='word_1_430' title='bbox 3242 4423 3309 4482; x_wconf 91' lang='lat' dir='ltr'><strong>in</strong></span> <span class='ocrx_word' id='word_1_431' title='bbox 3334 4420 3748 4500; x_wconf 86' lang='lat' dir='ltr'><strong>direptionem</strong></span> 
     </span>
    </p>
   </div>
   <div class='ocr_carea' id='block_1_7' title="bbox 946 4696 3747 4894">
    <p class='ocr_par' dir='ltr' id='par_1_8' title="bbox 946 4696 3747 4894">
     <span class='ocr_line' id='line_1_41' title="bbox 946 4696 3747 4818; baseline -0.001 -69"><span class='ocrx_word' id='word_1_432' title='bbox 946 4767 993 4815; x_wconf 70' lang='lat' dir='ltr'>u</span> <span class='ocrx_word' id='word_1_433' title='bbox 1046 4697 1141 4818; x_wconf 53' lang='lat'><strong>¹8¹3</strong></span> <span class='ocrx_word' id='word_1_434' title='bbox 1167 4700 1229 4749; x_wconf 79' lang='lat' dir='ltr'><strong>ln</strong></span> <span class='ocrx_word' id='word_1_435' title='bbox 1252 4701 1351 4750; x_wconf 85' lang='lat' dir='ltr'><strong>der</strong></span> <span class='ocrx_word' id='word_1_436' title='bbox 1372 4698 1717 4750; x_wconf 75' lang='lat' dir='ltr'><strong>Handschrist</strong></span> <span class='ocrx_word' id='word_1_437' title='bbox 1747 4696 1883 4748; x_wconf 79' lang='lat' dir='ltr'><strong>fehlt</strong></span> <span class='ocrx_word' id='word_1_438' title='bbox 1907 4699 1993 4749; x_wconf 86' lang='lat' dir='ltr'><strong>ein</strong></span> <span class='ocrx_word' id='word_1_439' title='bbox 2015 4699 2074 4749; x_wconf 79' lang='lat' dir='ltr'><strong>x.</strong></span> <span class='ocrx_word' id='word_1_440' title='bbox 2118 4697 2171 4765; x_wconf 54' lang='grc' dir='ltr'><strong>ἱ)</strong></span> <span class='ocrx_word' id='word_1_441' title='bbox 2197 4699 2372 4764; x_wconf 79' lang='lat' dir='ltr'><strong>Vergl.</strong></span> <span class='ocrx_word' id='word_1_442' title='bbox 2399 4699 2640 4751; x_wconf 78' lang='lat' dir='ltr'><strong>Browerl</strong></span> <span class='ocrx_word' id='word_1_443' title='bbox 2673 4699 2917 4763; x_wconf 80' lang='lat' dir='ltr'><strong>antiquit.</strong></span> <span class='ocrx_word' id='word_1_444' title='bbox 2940 4701 3033 4764; x_wconf 89' lang='lat'>111,</span> <span class='ocrx_word' id='word_1_445' title='bbox 3071 4698 3152 4748; x_wconf 84' lang='lat'><strong>18.</strong></span> <span class='ocrx_word' id='word_1_446' title='bbox 3201 4699 3426 4748; x_wconf 82' lang='lat' dir='ltr'><strong>Schann.</strong></span> <span class='ocrx_word' id='word_1_447' title='bbox 3463 4699 3570 4746; x_wconf 74' lang='lat' dir='ltr'><strong>hist</strong></span> <span class='ocrx_word' id='word_1_448' title='bbox 3593 4699 3747 4747; x_wconf 79' lang='lat' dir='ltr'><strong>Fuld.</strong></span> 
     </span>
     <span class='ocr_line' id='line_1_42' title="bbox 996 4800 3316 4894; baseline 0 0"><span class='ocrx_word' id='word_1_449' title='bbox 996 4803 1013 4830; x_wconf 91' lang='lat'>&#39;</span> <span class='ocrx_word' id='word_1_450' title='bbox 1142 4800 1157 4817; x_wconf 71' lang='lat'><strong>⁹</strong></span> <span class='ocrx_word' id='word_1_451' title='bbox 3231 4833 3316 4894; x_wconf 80' lang='lat'><strong>20</strong></span> 
     </span>
    </p>
   </div>
  </div>
 </body>
</html>
