4821 5976
1201 697 1290 842 ἑο
1442 707 1450 718 ⁵
2190 727 2202 734 -
2244 773 2255 780 '
2421 736 2428 744 ι
2471 769 2624 850 cap.
2669 769 2772 864 36.
3205 873 3225 893 .

1296 963 1474 1043 (⁷⁰⁸)
1538 962 1663 1035 36.
1698 959 2017 1034 Traditio
2053 955 2391 1031 Hattonis
2413 955 2703 1034 abbatis
2721 958 2818 1033 ad
2851 945 3130 1059 portam
3163 955 3565 1032 monasterii
3597 955 3776 1033 fuld.
3821 953 3908 1036 ¹)-

1378 1135 1447 1194 ln
1478 1137 1731 1195 nomine
1772 1149 1886 1194 sce
1932 1139 1995 1196 et
2023 1131 2347 1193 indiuiduo
2376 1132 2679 1193 trinitatis.
2709 1131 2931 1193 Notum
2965 1133 3038 1196 sit
3067 1133 3360 1194 omnibus
3389 1139 3518 1194 tam
3557 1131 3784 1194 futuris
3805 1121 3998 1214 quam

1204 1222 1619 1304 presentibus.
1666 1218 1842 1293 Quod
1888 1237 2015 1301 ego
2060 1218 2289 1279 Hatto
2336 1220 2546 1300 gratia
2586 1217 2689 1280 dei
2725 1218 3028 1280 fuldensis
3066 1221 3264 1282 abbas
3295 1235 3573 1280 cernens
3613 1221 3998 1298 paucitatem

1172 1308 1557 1391 ‚prediorum
1590 1311 1653 1366 et
1680 1306 2173 1368 decimationum
2204 1321 2329 1384 que
2374 1305 2456 1368 ad
2485 1312 2730 1384 portam
2761 1307 3118 1367 monasterii
3161 1305 3476 1368 fulcientis.
3517 1309 3582 1367 in
3626 1305 3868 1367 honoro
3910 1308 3998 1368 sci

1203 1387 1511 1456 Bonisacii
1544 1393 1829 1472 archiepi
1858 1399 1925 1453 et
1950 1393 2103 1452 mris
2124 1391 2460 1455 constructi
2489 1391 2904 1470 pertinebant.
2950 1392 3030 1453 ad
3062 1391 3500 1454 sustentandos
3519 1399 3587 1454 et
3613 1392 4000 1474 refrigeran-

1202 1480 1319 1542 dos
1336 1481 1620 1560 hospites
1642 1486 1707 1540 et
1733 1479 2052 1558 pauperes
2072 1481 2204 1558 xpi.
2234 1481 2299 1538 ln
2324 1479 2556 1558 quibus
2579 1497 2707 1556 xps
2738 1479 3165 1558 suscipiendus
3192 1483 3314 1541 est.
3335 1496 3465 1540 non
3487 1478 3665 1559 posse
3688 1479 3998 1542 sufficere.

1202 1585 1438 1648 papam
1468 1567 1747 1628 Leo-nem
1790 1565 1977 1626 adini.
2011 1571 2073 1624 et
2100 1564 2461 1625 Lotharium
2497 1567 2960 1644 imperatorem.
2993 1573 3058 1627 et
3087 1581 3230 1627 cum
3261 1570 3632 1628 auctoritate
3664 1584 3902 1627 eorum.
3935 1571 4000 1626 et

1204 1653 1615 1734 permissione
1653 1653 1771 1713 ista
1810 1651 2029 1730 predia
2074 1669 2200 1731 que
2244 1651 2782 1730 subscripta'stmt.
2827 1650 2906 1714 ad
2947 1653 3334 1714 recreandos
3371 1651 3700 1732 predictos.
3729 1652 4008 1732 hospites

1205 1739 1507 1803 concessi.
1541 1739 1737 1818 Quam
1778 1737 2248 1800 concessionem
2288 1735 2610 1816 predictus
2641 1756 2811 1818 papa
2849 1739 2976 1798 Leo
3009 1740 3220 1801 banno
3267 1740 3396 1801 suo.
3429 1746 3493 1799 et
3520 1739 3855 1800 Lothariue
3885 1741 3999 1800 im·

1205 1833 1461 1908 perator
1488 1833 1789 1906 precepto
1823 1841 1943 1885 suo
1986 1823 2540 1886 confirmauerunt.
2585 1833 2654 1885 ut
2683 1824 2730 1886 si
2761 1825 2903 1904 quis
2925 1825 3006 1886 de
3036 1826 3186 1904 ipsis
3213 1825 3401 1888 bonis
3423 1825 3657 1906 aliquid
3687 1825 3799 1886 sibi
3829 1825 4002 1900 usur·

1206 1916 1469 1997 pauerit.
1511 1919 1722 1993 preter
1765 1910 2209 1991 procuratores
2251 1909 2580 1990 hospitum.
2613 1909 2953 1971 anathema
2997 1913 3090 1972 fit.
3139 1919 3202 1972 et
3242 1913 3392 1972 reus
3423 1914 3606 1994 regie
3644 1909 4000 1973 maiestatis.

1204 1999 1339 2062 Hec
1386 2006 1596 2060 autem
1640 1999 1779 2061 sunt
1822 1997 1994 2060 bona
2038 1996 2117 2058 ad
2159 1996 2430 2058 eandem
2483 2004 2724 2076 portam
2767 2000 3168 2076 pertinentia.
3221 1999 3291 2058 In
3309 1998 3598 2064 Lutere
3615 1998 3704 2058 nb
3724 1997 3884 2060 ach
3931 1997 4014 2059 In

1206 2085 1595 2147 Owelaha.
1626 2085 1695 2145 In
1728 2083 2177 2167 Wegefurte
2222 2101 2337 2164 per
2368 2101 2620 2144 omnem
2660 2083 3110 2145 uillicationem
3153 2083 3508 2146 decimatio.
3569 2084 3638 2145 In
3677 2081 4004 2144 borsaha

1206 2173 1390 2252 super
1418 2174 1794 2233 territorium
1825 2179 1889 2232 et
1920 2189 2171 2231 omnem
2202 2171 2668 2232 uillicationem.
2702 2171 2769 2231 ln
2803 2171 3138 2250 Spanelo
3171 2170 3465 2232 similiter.
3497 2170 3566 2232 In
3597 2171 3646 2229 N
3657 2170 4002 2250 uenburc

1204 2260 1391 2336 mper
1418 2259 1794 2317 territorium
1824 2263 2084 2318 tantum.
2116 2257 2185 2317 In
2216 2256 2577 2317 Echecila
2611 2255 2728 2315 .111.
2759 2257 3018 2317 mansus
3047 2275 3192 2317 cum
3217 2259 3510 2318 omnibus
3541 2259 4004 2335 compertinen-

1202 2343 1309 2405 tiis
1332 2343 1471 2403 suis.
1504 2350 1570 2402 et
1599 2343 1785 2420 super
1813 2345 2188 2402 territorium
2219 2341 2574 2402 decimatio.
2635 2341 2706 2401 In
2747 2342 2935 2402 bers
2941 2349 3056 2401 tat
3097 2341 3391 2403 similiter.
3444 2342 3514 2402 In
3559 2341 4006 2402 Richolses-

1202 2429 1407 2492 heim
1440 2428 1729 2488 similiter.
1764 2428 1919 2488 Villa
1948 2434 2080 2488 tota
2111 2445 2235 2507 que
2260 2427 3153 2488 uocatur'Luzzelendors.
3185 2429 3254 2489 ln
3277 2427 3802 2509 Hegenebach
3833 2426 4006 2489 deci·

1202 2517 1417 2577 matio.
1462 2516 1533 2575 In
1565 2513 1957 2575 Bienbach
1990 2514 2283 2575 similiter.
2330 2513 2400 2572 ln
2431 2512 3068 2574 Premestescella
3099 2513 3214 2576 ,v1.
3257 2514 3512 2575 mansus
3556 2519 3620 2573 et
3666 2513 3779 2574 ,VL
3809 2514 4005 2575 bene—

1204 2602 1371 2664 ficia.
1400 2601 1472 2661 In
1502 2600 1973 2661 Portenrode
2006 2598 2119 2660 .VI.
2152 2598 2409 2660 mansus
2442 2606 2506 2660 et
2537 2599 2682 2660 VIII.
2713 2599 3048 2662 beneficia.
3079 2603 3146 2662 in
3187 2599 3226 2661 d
3238 2600 3512 2682 elbach
3541 2599 3640 2659 XV
3670 2599 4004 2662 beneficia.

1204 2695 1269 2750 et
1298 2685 1743 2749 molendinum.
1784 2687 1855 2746 In
1886 2686 2476 2758 Ro'tenmannen
2509 2685 2648 2748 .le
2691 2685 3028 2748 beneficia.
3081 2687 3151 2748 In
3196 2686 3499 2749 cilbaeh
3536 2685 3639 2746 XII
3669 2685 4004 2749 beneficia.

1203 2766 1274 2834 In
1304 2773 1655 2834 mittelen
1681 2772 1993 2835 Cilbach
2028 2770 2114 2834 .V.
2148 2771 2482 2834 beneficia.
2524 2773 2592 2834 In
2625 2773 2944 2839 nideren
2975 2773 3278 2836 cilbach
3310 2771 3396 2835 .V.
3429 2772 3743 2834 beneficia
3779 2780 3844 2833 et
3873 2791 4007 2833 mo·

1096 2899 1101 2910 ·
1204 2860 1545 2923 leudinum.
1586 2859 1657 2918 In
1689 2859 2066 2920 chalbaha
2090 2858 2217 2920 .111.
2240 2858 2577 2920 beneficia.
2613 2858 2684 2918 In
2714 2859 2937 2921 Porta
2961 2858 3159 2922 XVIII.
3191 2859 3505 2921 beneficia
3534 2865 3598 2920 et
3633 2861 4008 2920 territorium

1206 2949 1272 3010 .1.
1296 2954 1362 3009 et
1380 2963 1628 3008 nemuS.
1656 2945 1724 3006 In
1757 2946 2006 3008 slitese
2022 2945 2165 3007 XVI.
2190 2943 2359 3007 hube
2389 2945 2672 3007 lidorum.
2706 2944 3126 3019 Quekkaha
3147 2947 3239 3009 .11.
3271 2946 3459 3009 hube.
3491 2945 3561 3008 In
3585 2945 4014 3013 frienluten.

1204 3035 1379 3095 11.1n
1411 3032 1787 3115 Egilolses
1812 3034 2003 3095 .11.1n
2034 3030 2739 3095 Scoderolfes.11.1n
2770 3033 3225 3095 warenrode
3259 3034 3452 3095 .11.1n
3481 3034 4007 3097 vowedimidia.

1204 3122 1277 3181 Ῑιι
1298 3118 2016 3181 berenhereshusen
2040 3121 2313 3201 integra.
2340 3120 2409 3180 ln
2435 3119 2919 3182 Sconersteti
2949 3122 3202 3201 integra
3227 3126 3289 3181 et
3313 3119 3589 3182 dimidia.
3611 3121 3684 3184 In
3707 3120 4012 3181 Ruben-

1202 3206 1401 3269 bach
1432 3206 1522 3287 ‚ll5
1554 3207 1621 3265 In
1656 3206 2141 3267 Huzzesdors
2172 3206 2315 3267 due.
2362 3206 2432 3265 In
2467 3205 2897 3267 Scrotolfes
2935 3224 3127 3266 unum
3155 3206 3556 3269 beneficium.
3587 3208 3659 3267 In
3697 3208 3830 3288 ipsa
3861 3207 4011 3268 sul-

1204 3293 1417 3355 densi
1448 3292 1638 3353 uilla
1668 3296 2041 3353 territorium
2078 3292 2141 3353 J.
2174 3290 2235 3352 id
2267 3292 2358 3352 est
2392 3290 2580 3353 CCC.
2614 3298 2677 3351 et
2706 3291 2824 3353 XV.
2858 3295 3016 3373 agri.
3049 3292 3255 3372 Super
3283 3292 3405 3355 hec
3435 3296 3650 3355 'omnia
3682 3295 4008 3355 statuimus

1203 3387 1272 3442 et
1302 3378 1772 3441 confirmamus.
1804 3385 1873 3438 ut
1901 3379 2111 3439 nullus
2154 3378 2228 3437 sit
2259 3377 2632 3439 aduocatuS.
2675 3378 2792 3437 nisi
2845 3376 3022 3459 (70⁵)
3063 3380 3429 3459 principalis
3463 3381 3733 3443 ecclesie
3775 3379 4006 3441 comes.

1206 3468 1312 3529 cui
1342 3470 1582 3526 tantum
1607 3468 1729 3526 tria
1757 3465 2026 3525 seruicia
2070 3468 2135 3524 in
2184 3481 2351 3523 anno
2393 3463 2754 3524 reddantur.
2808 3482 2998 3525 unum
3044 3469 3110 3526 in
3150 3464 3404 3547 pascha.
3449 3467 3711 3527 alterum
3741 3468 3806 3526 in
3837 3464 4008 3527 sesto

1208 3554 1307 3615 sci
1329 3550 1658 3613 Bonisacii.
1689 3553 1954 3628 tercium
1982 3554 2049 3611 in
2074 3549 2243 3611 sesto
2262 3552 2539 3610 omnium
2571 3566 2826 3611 scotum
2847 3548 2935 3627 ²).
2963 3552 3212 3613 Modum
3237 3558 3447 3613 autem
3464 3552 3570 3613 uel
3594 3556 4010 3632 quantitatem

1209 3637 1557 3717 eorundem
1589 3638 1994 3698 seruiciorum
2034 3653 2148 3717 per
2179 3632 2461 3696 ordinem
2490 3634 2598 3698 hic
2627 3639 3047 3700 annectimus,
3083 3646 3146 3699 et
3185 3658 3272 3699 ne
3317 3640 3462 3719 quis
3483 3656 3782 3719 umquam
3814 3638 4011 3700 aduo-

1206 3730 1393 3787 catus
1426 3723 1696 3802 amplius
1724 3741 1911 3803 qnam
1936 3722 2039 3784 hic
2058 3720 2431 3784 attitulatum
2452 3724 2542 3784 est
2575 3740 2614 3783 a
2638 3727 2998 3803 portenario
3032 3728 3329 3805 requirat.
3357 3725 3465 3787 sub
3493 3726 4009 3788 interminatione

1209 3810 1425 3873 diuine
1456 3807 1711 3870 ultionis
1728 3808 2182 3871 interdicimus.
2216 3810 2284 3868 ln
2316 3808 2473 3870 sesto
2507 3812 2605 3871 sci
2635 3810 2943 3872 Bonisacii
2969 3812 3113 3873 ..ΗΠ
3145 3810 3336 3873 modii
3367 3814 3572 3873 tritici.
3604 3817 3670 3873 et
3699 3813 3867 3873 unus
3887 3811 4012 3873 sili·

1208 3892 1391 3981 ginis.
1423 3894 1681 3957 dimidia
1709 3913 1933 3958 uacca.
1965 3897 2097 3956 tres
2112 3894 2348 3957 arietes
2380 3897 2446 3957 .1.
2479 3897 2620 3957 ouis
2643 3916 2785 3957 cum
2818 3915 3010 3979 agno.
3055 3898 3154 3959 XV
3186 3899 3356 3960 casei
3387 3905 3451 3960 et
3481 3899 3545 3960 ..Ι
3570 3900 3869 3960 mensalis
3901 3914 4012 3960 ca·

1208 3982 1357 4044 seul*
1370 3981 1473 4044 uel
1498 3982 1621 4044 duo
1643 3984 1825 4071 parui
1848 4000 1959 4063 pro
1986 4000 2085 4043 eo.
2112 3983 2177 4043 C.
2204 4000 2347 4043 oua.
2374 3982 2694 4064 quadrans
2709 3984 2866 4044 salis.
2893 3984 3013 4045 VII.
3039 3985 3298 4066 galline.
3337 3982 3724 4046 ferramenta
3747 3985 4010 4047 duorum

1210 4087 1517 4150 equorum
1547 4076 1612 4130 et
1641 4051 1894 4132 dimidii.
1925 4067 2045 4130 XV.
2090 4072 2351 4153 picaria.
2385 4069 2453 4130 L.
2496 4070 2771 4131 scutelle.
2801 4069 2873 4131 ΙΙ.
2905 4071 3144 4131 talenta
3174 4090 3323 4131 cere
3355 4077 3419 4132 et
3449 4070 3788 4133 dimidium.
3822 4088 4009 4133 onuS.

1213 4155 1277 4218 .I.
1304 4155 1622 4243 lignorum
1654 4155 1733 4218 ad
1765 4158 1996 4218 earnes
2020 4155 2327 4218 assandas.
2361 4162 2425 4217 et
2455 4154 2579 4217 duo
2617 4156 2798 4239 ligna
2825 4157 3254 4238 supponenda.
3293 4158 3416 4220 XII.
3463 4158 3587 4220 olle
3617 4157 3700 4221 ad
3729 4175 4012 4239 coquen-

1208 4334 1586 4387 DCCCLXXVI.
1612 4323 1902 4388 indictione
1922 4336 2063 4399 vm3
2079 4338 2278 4400 Jedoch
2296 4336 2391 4387 hat
2408 4336 2480 4387 im
2501 4339 2620 4387 cod.
2640 4336 2792 4387 Eber.
2815 4336 2930 4388 eine
2951 4340 3165 4401 apaten-e
3183 4338 3335 4389 Hand
3353 4340 3616 4407 geandert
3633 4336 4010 4388 ncccmmv.

1210 4406 1303 4457 Bel
1327 4406 1653 4472 Schoettgen
1665 4410 1785 4455 und.
1797 4408 2021 4473 Kreyssg
2046 4408 2258 4470 diplom.
2269 4408 2311 4470 Ι,
2334 4408 2392 4457 14
2412 4407 2486 4456 iat
2504 4406 2590 4457 bei
2609 4408 2810 4456 diesem
2827 4408 3087 4471 Excerpte
3107 4409 3190 4458 dle
3209 4408 3340 4460 zahl
3357 4408 3458 4459 876
3481 4407 3812 4473 angegeben,
3830 4418 4009 4455 weas-

1208 4476 1337 4531 halb
1360 4490 1483 4529 man
1508 4489 1569 4525 es
1594 4477 1684 4527 fiir
1708 4478 2029 4540 verdachtig
2050 4476 2304 4540 gehalten
2338 4478 2450 4539 hat,
2476 4479 2550 4527 da
2569 4476 2794 4541 Ludwig
2817 4476 2872 4527 ln
2895 4477 3097 4529 ellenon
3127 4478 3292 4529 Jahre
3327 4479 3488 4531 keine
3513 4473 4007 4527 Reichsversamm-

1208 4548 1341 4611 lang
1364 4558 1433 4597 zu
1456 4546 1749 4611 lngelheim
1770 4546 2025 4611 gehalten
2048 4546 2155 4595 liat.
2182 4546 2361 4610 Gegen
2384 4546 2472 4597 die
2497 4546 2777 4597 Aechtheit
2802 4548 2897 4598 der
2920 4548 3172 4604 Utkunde
3205 4548 3379 4599 selbot
3412 4547 3508 4597 hat
3537 4546 3750 4647 Eccard
3779 4544 4006 4595 zweifel

1211 4616 1461 4667 othoben.

1356 4683 1401 4750 ⁸)
1430 4682 2140 4749 V.nrowerantiqu1t.278.
2179 4683 2403 4735 schann-
2437 4686 2668 4737 Buchon.
2702 4689 2812 4739 vet.
2837 4686 2954 4739 370.
2987 4686 3172 4739 Dioec.
3207 4686 3358 4737 Fuld.
3384 4684 3501 4735 23⁷.
3539 4681 3594 4749 ¹)
3623 4683 3850 4735 scham.
3881 4682 4004 4735 Μαι.
4131 4734 4138 4741 ,

1211 4750 1359 4807 Pala.
1386 4754 1436 4821 1,
1461 4753 1544 4807 48.
