4821 5976
2087 868 2257 953 2c2p.
2307 869 2408 929 το.
2457 868 2560 929 ⁷1.
2605 868 2707 929 ⁷2.
3602 862 3731 925 ιω

939 1042 1085 1103 tiris.
1118 1044 1407 1120 prompta
1436 1044 1499 1097 et
1537 1039 1757 1099 intima
1794 1039 2119 1099 uoluntate
2162 1039 2517 1099 obtulerunt
2555 1035 2840 1115 predium
2880 1034 3192 1115 quoddam
3235 1035 3300 1094 in
3337 1032 3730 1116 Ascbeclie

940 1144 1055 1205 pro
1096 1132 1318 1185 eterna
1354 1126 1953 1185 commemoratione
1982 1126 2115 1185 cari
2145 1123 2257 1183 sui.
2304 1122 2471 1201 quod
2501 1121 2648 1182 dum
2678 1125 2924 1181 uiueret
2961 1122 3099 1181 iure
3145 1138 3222 1179 ac
3273 1118 3423 1199 lege
3452 1120 3732 1197 proprie-

942 1214 1093 1270 tatis
1132 1209 1301 1270 idem
1339 1214 1487 1266 ante
1527 1207 1905 1285 possederat.
1950 1214 2013 1268 et
2050 1208 2327 1267 moriens
2362 1207 2548 1267 nobis
2589 1210 2654 1266 in
2690 1208 3052 1266 memoriam
3097 1206 3189 1263 sui
3229 1204 3494 1284 allegari
3533 1206 3729 1282 petiit.

943 1294 1163 1353 Testes
1195 1294 1331 1351 sunt
1360 1291 1550 1351 huius
1581 1292 1945 1352 tradicionis
1970 1293 2189 1351 omnes
2215 1294 2321 1370 qui
2355 1290 2632 1351 aderant.
2670 1290 2986 1351 Traditum
3015 1291 3207 1370 igitur
3226 1289 3427 1367 ipsum
3447 1287 3734 1367 predium

948 1378 1079 1437 fine
1111 1377 1297 1438 ullius
1328 1375 1827 1439 contradictione
1858 1379 2181 1437 annuatim
2210 1375 2414 1438 reddit
2444 1375 2677 1436 solidos
2706 1374 2902 1435 xvnl.

1370 1594 1589 1671 (¹⁷⁷⁸)
1636 1596 1759 1665 ⁹11.
1799 1592 1901 1667 De
1941 1592 2306 1667 oblatione
2340 1593 2700 1665 Heriborti
2735 1593 2808 1663 in
2846 1590 3210 1664 suntheim
3233 1590 3322 1671 1).

1120 1782 1381 1841 Cunctis
1412 1782 1525 1857 xpi
1552 1778 1843 1842 fidelibus
1875 1786 2087 1840 notum
2120 1781 2254 1839 esse
2284 1780 2598 1839 uolumus.
2631 1777 3212 1857 Heribortonem
3237 1776 3317 1839 de
3342 1778 3737 1841 Suntheim

882 1858 895 1869 ⁸
950 1866 1139 1927 huius
1170 1883 1285 1926 sce
1316 1863 1618 1925 fuldensis
1662 1865 1933 1925 ecclesie
1976 1863 2463 1926 ministerialem.
2510 1880 2653 1924 cum
2700 1863 2860 1923 esset
2898 1862 3030 1921 line
3069 1862 3295 1921 liberis.
3342 1882 3463 1924 nos
3509 1865 3738 1925 fratres

952 1948 1240 2011 eiusdem
1274 1949 1541 2009 ecclesie
1573 1949 1685 2009 fibi
1714 1949 1936 2011 fecisse
1967 1948 2239 2010 heredes
2263 1967 2345 2010 ea
2388 1948 2768 2009 conditione.
2815 1953 2883 2006 ut
2925 1947 3017 2005 sui
3057 1947 3302 2025 semper
3342 1932 3509 2025 ap‘ud
3553 1950 3740 2010 deum

950 2035 1264 2096 memores
1290 2035 1589 2093 essemus,
1624 2040 1688 2093 et
1716 2042 1784 2093 ut
1813 2037 2115 2095 memoria
2144 2034 2311 2092 illius
2340 2050 2458 2110 per
2485 2050 2607 2092 nos
2639 2031 2758 2091 deo
2791 2030 3280 2091 commendetur.
3314 2041 3376 2091 et
3408 2033 3573 2093 bona
3597 2038 3739 2094 eius

922 2118 1246 2191 ,uoluntas
1270 2124 1395 2177 tam
1429 2117 1653 2177 suturis
1676 2136 1865 2197 quam
1904 2118 2301 2195 presentibus
2345 2124 2409 2176 in
2457 2117 2900 2183 benedictione
2940 2115 3264 2175 habeatur.
3324 2118 3442 2176 Iste
3482 2121 3742 2201 inquam

952 2220 1095 2262 cum
1128 2203 1206 2261 ob
1239 2202 1407 2280 spem
1438 2205 1567 2260 uite
1600 2208 1819 2261 eterne
1850 2201 1930 2261 ad
1961 2201 2355 2280 sepulchrum
2384 2200 2622 2260 domini
2649 2204 2766 2259 iter
2812 2199 3112 2281 dirigeret
3149 2202 3318 2282 bona
3359 2202 3469 2261 sua
3513 2221 3638 2280 que
3679 2206 3740 2262 ei

954 2287 1354 2364 proprietatis
1375 2288 1511 2343 iure
1543 2286 1877 2345 cesserant.
1909 2289 1971 2345 in
2016 2284 2428 2345 Suntheim.
2477 2292 2540 2344 et
2581 2283 2958 2343 Northeim
3005 2292 3068 2343 et
3109 2285 3642 2346 Mittelendors
3675 2291 3738 2348 in

952 2388 1207 2431 manum
1260 2368 1586 2429 cunradi
1639 2369 1718 2429 de
1756 2369 2391 2429 Nitharteshusen.
2450 2376 2512 2428 et
2565 2368 2765 2427 Bern
2819 2368 2898 2427 de
2944 2368 3348 2449 Northeim.
3391 2370 3743 2451 Sigelo'hi

956 2472 1210 2532 quoque
1241 2452 1321 2513 de
1366 2454 1529 2513 wes
1535 2452 1763 2513 theim
1818 2454 2025 2512 multis
2059 2453 2459 2530 presentibus
2489 2462 2582 2512 ‘ea
2625 2455 2870 2512 ratione
2911 2452 3232 2531 allegauit.
3280 2461 3345 2511 ut
3391 2455 3439 2513 fi
3476 2473 3517 2514 a
3557 2464 3742 2534 cepto

953 2540 1181 2597 itinere
1212 2537 1473 2597 ulterius
1506 2555 1631 2595 non
1662 2536 1911 2596 rediret.
1945 2538 2167 2597 eadem
2200 2536 2367 2596 bona
2398 2536 2511 2595 sua
2535 2531 2621 2596 'ad
2668 2536 2865 2596 altare
2905 2539 3002 2595 sci
3042 2535 3350 2598 Bonifacii
3391 2536 3626 2599 domini
3666 2560 3744 2601 ac

956 2624 1203 2700 patroni
1214 2622 1304 2680 sui
1316 2638 1460 2691 cum
1476 2621 1617 2680 .le
1628 2624 1962 2698 mancipiis
1978 2623 2120 2679 eius
2134 2620 2526 2699 delegarent.
2545 2620 2616 2678 Et
2628 2620 2674 2677 si
2691 2621 2835 2697 quis
2849 2637 3065 2679 eorum
3078 2626 3258 2680 trium
3273 2625 3439 2700 prior
3455 2624 3534 2683 de
3559 2632 3758 2685 morte

962 2706 1129 2765 illius
1164 2712 1379 2766 certus
1412 2704 1791 2764 efficeretur.
1825 2706 2027 2764 statim
2059 2708 2249 2763 etiam
2283 2703 2423 2763 aliis
2441 2704 2870 2763 nescientibus
2896 2703 3242 2784 delegaret.
3270 2713 3333 2764 et
3365 2707 3471 2765 alii
3507 2708 3630 2769 hoc
3665 2708 3760 2768 fa-

960 2798 1128 2850 ctum
1159 2806 1271 2868 pro
1302 2797 1439 2849 rato
1472 2787 1795 2849 ducerent.
1828 2790 2213 2849 Decreuerat
2246 2796 2458 2847 autem
2493 2789 2721 2847 beatus
2752 2788 2857 2846 ille
2889 2788 3130 2849 reditus
3163 2791 3467 2851 bonorum
3514 2793 3762 2853 suorum

960 2875 1207 2934 utilitati
1252 2873 1511 2933 fratrum
1540 2876 1605 2935 in
1632 2878 2000 2934 memoriam
2032 2875 2123 2933 sui
2156 2872 2405 2933 cedere.
2439 2875 2759 2949 mancipia
2787 2890 2940 2930 uero
2974 2870 3056 2941 ad
3087 2874 3342 2935 censum
3374 2875 3589 2934 altaris
3616 2896 3762 2955 per-

958 2961 1183 3019 tinere.
1230 2960 1428 3039 Igitur
1455 2966 1523 3018 ut
1564 2958 1755 3020 finem
1802 2960 1931 3020 uite
1971 2958 2138 3019 illius
2183 2957 2592 3036 Sigilohus
2633 2958 2935 3034 percepit.
2979 2955 3148 3033 quod
3193 2956 3320 3017 fide
3359 2961 3654 3035 promisit.
3697 2968 3800 3030 et.

961 3061 1151 3102 manu
1184 3046 1485 3122 percepit.
1520 3043 1600 3104 ad
1631 3044 1828 3103 altare
1849 3047 1952 3102 sci
1975 3042 2282 3100 Bonisacii
2308 3043 2371 3098 in
2396 3041 2572 3099 usum
2597 3040 2856 3100 fratrum
2882 3038 3224 3119 delegauit.
3259 3042 3434 3113 Quod
3459 3050 3521 3101 et
3544 3047 3764 3121 postea

963 3129 1400 3189 chunradus
1434 3128 1708 3185 similiter
1738 3125 1908 3184 fecit.
1942 3125 2134 3182 Porro
2166 3140 2308 3182 cum
2339 3123 2475 3200 ipsa
2507 3122 2679 3181 bona
2701 3125 2913 3182 nostra
2959 3123 3288 3185 beneficiis
3322 3126 3590 3187 ecclesie
3635 3146 3761 3206 que

963 3211 1128 3271 idem
1162 3214 1353 3270 etiam
1384 3208 1744 3288 possederat
1774 3210 2059 3268 immixta
2089 3213 2315 3266 essent
2345 3205 2638 3266 dominus
2662 3207 3070 3266 Heinricus
3102 3207 3520 3271 heruelden
3537 3213 3637 3271 sis
3655 3217 3760 3292 qui

962 3301 1113 3354 tunc
1146 3301 1210 3354 et
1238 3295 1447 3353 noster
1471 3293 1670 3353 abbas
1685 3291 1909 3352 fuerat.
1936 3291 2160 3352 eadem
2184 3290 2502 3352 beneficia
2523 3292 2708 3351 nobis
2733 3290 3028 3350 fratribus
3051 3295 3119 3350 in
3143 3294 3236 3352 sui
3259 3295 3760 3357 recordationem

964 3377 1234 3439 tradidit.
1266 3377 1484 3437 Testes
1515 3379 1653 3437 sunt
1693 3375 2144 3437 Gotesridus
2184 3375 2403 3437 comes
2439 3381 2504 3436 et
2548 3374 2742 3436 frater
2780 3379 2924 3436 eius
2968 3376 3066 3435 Bo
3078 3395 3220 3457 ppo
3269 3396 3508 3440 comes.
3553 3387 3616 3440 et
3657 3380 3761 3441 alii
3850 3423 3858 3428 -
3981 3392 3984 3398 '

965 3462 1159 3524 multi.
1186 3497 1265 3508 -
1298 3461 1444 3522 XXX
1475 3461 1669 3522 solidi.

1422 3664 1643 3744 (182⁵)
1692 3668 1815 3739 72.
1853 3666 1957 3738 De
1996 3665 2483 3739 oblationibus
2520 3663 2825 3738 Tutonis
2847 3665 3202 3738 cellerarii
3221 3663 3320 3750 ²).

1142 3869 1361 3929 Notum
1410 3871 1483 3928 sit
1528 3865 1785 3930 cunctis.
1828 3871 1940 3948 xpi
1988 3867 2279 3930 fidelibus
2325 3870 2724 3948 presentibus
2780 3887 2856 3930 ac
2899 3869 3134 3931 futuris.
3178 3871 3446 3952 qualiter
3482 3875 3589 3948 pie
3632 3891 3768 3933 me-

970 3955 1173 4014 morie
1202 3953 1385 4011 Tuto
1418 3954 1786 4014 cellerarius
1818 3953 2075 4013 fratrum
2106 3955 2363 4014 licentia
2395 3954 2642 4015 abbatis
2666 3973 2743 4014 ac
2774 3953 2892 4014 srm
2922 3955 3155 4016 nouale
3188 3956 3502 4037 quoddam
3531 3961 3595 4018 in
3619 3959 3766 4018 Ha-

970 4035 1271 4120 gebach
1300 4041 1580 4097 nouauit.
1614 4037 1782 4117 quod
1812 4039 2009 4098 xx110·
2040 4037 2268 4100 solidos
2292 4038 2607 4118 persoluit.
2647 4039 2741 4098 Ex
2772 4039 2872 4098 his
2897 4039 2982 4100 .X.
3017 4041 3246 4101 solidos
3271 4042 3352 4102 ad
3383 4060 3767 4103 commemo-

975 4124 1282 4182 rationem
1313 4124 1729 4182 anniversarii
1760 4126 1902 4182 eius
1927 4123 2223 4184 fratribus
2256 4123 2389 4184 dari
2415 4125 2744 4184 constituit.
2778 4131 2994 4184 cetera
3018 4125 3098 4185 ad
3123 4125 3492 4186 communes
3506 4127 3767 4190 fratrum

928 4209 933 4212 ’
970 4206 1275 4266 utilitates
1296 4205 1641 4284 deputauit.
1672 4209 1827 4267 Item
1858 4208 2022 4269 idem
2056 4213 2394 4287 occupauit
2434 4217 2497 4268 et
2529 4209 2716 4268 aliam
2763 4208 2973 4269 uillam
3015 4228 3204 4288 quam
3245 4211 3584 4289 appellauit
3621 4213 3769 4272 Tu-

971 4289 1363 4371 tenhagen
1403 4293 1506 4350 cui
1536 4291 1842 4352 adiacens
1864 4293 1981 4353 suit
2011 4292 2326 4372 quoddam
2358 4295 2588 4354 bonum
2621 4297 2878 4354 nomine
2906 4293 3340 4357 Echenhou.
3374 4297 3543 4377 quod
3589 4316 3628 4358 a
3657 4316 3767 4358 co-

972 4381 1171 4456 gnato
1204 4375 1311 4434 suo
1344 4375 1663 4436 Gerlaco
1695 4375 1775 4436 de
1805 4375 2017 4460 Bram
2030 4377 2204 4437 first
2233 4379 2518 4439 redemit.
2550 4385 2614 4438 et
2644 4377 2941 4440 fratribus
2965 4381 3030 4439 in
3059 4385 3427 4442 memoriam
3457 4383 3624 4442 illius
3655 4381 3766 4440 de-

974 4463 1235 4538 putauit.
1268 4467 1331 4519 et
1361 4467 1601 4538 partem
1632 4459 1797 4520 illius
1820 4461 1899 4520 ad
1929 4462 2233 4540 hospitale
2273 4463 2462 4525 dedit.
2495 4470 2739 4542 partem
2780 4462 2861 4523 ad
2897 4463 3020 4525 hoc
3065 4463 3402 4528 constituit:
3440 4474 3512 4526 ut
3545 4468 3609 4525 in
3651 4465 3764 4524 ho-

976 4561 1131 4604 nore
1162 4547 1261 4605 sci
1297 4545 1535 4604 Nicolai
1580 4562 1723 4604 cnm
1760 4545 1961 4606 tribus
2003 4546 2217 4611 solidis
2258 4551 2474 4608 uinum
2513 4548 2810 4611 fratribus
2859 4547 2939 4609 ad
2967 4551 3426 4630 propinandum
3469 4553 3537 4611 in
3563 4550 3763 4628 ipsius

1123 4764 1171 4825 ¹)
1198 4765 1425 4814 seinana.
1453 4751 1633 4814 eradii.
1661 4763 1776 4813 636.
1818 4762 1870 4827 ⁸)
1907 4764 2133 4815 sennan.
2158 4767 2346 4817 histor.
2370 4769 2520 4817 rum.
2546 4769 2587 4830 1,
2614 4769 2692 4819 46.
