4821 5976
1191 842 1320 904 wo
1815 811 1831 827 ‘
2191 823 2204 841 “
2247 808 2252 813 ’
2404 820 2410 827 ’
2458 838 2610 919 cap.
2634 828 2762 903 fen.

1366 1018 1466 1078 rt.
1499 1016 1636 1099 Ego
1677 1014 1964 1076 Wacho.
2010 1006 2378 1074 Brunicho
2420 1019 2484 1073 et
2523 1011 2761 1073 wasto
2804 1012 2961 1073 trad.
2993 1010 3093 1073 ad.
3136 1028 3277 1075 scm
3314 1012 3469 1073 Bon.
3502 1013 3585 1073 ob
3612 1016 3983 1077 memoriam

1190 1103 1427 1166 domini
1466 1104 1656 1165 nossri
1697 1101 1944 1163 comitis·
1971 1097 2415 1185 willehelmi
2461 1116 2652 1159 unam
2688 1098 2901 1159 uillam
2938 1101 3004 1160 in
3050 1115 3223 1181 pago
3262 1098 3685 1182 Hosegewe
3724 1104 3983 1161 nominc

1092 1203 1096 1211 '
1189 1186 1790 1274 wigbaldei'dorf.
1823 1204 1964 1247 cum
1996 1188 2332 1265 mancipiis
2366 1184 2607 1245 ‚XXIIIL

1309 1353 1314 1359 ,
1365 1277 1463 1337 78.
1495 1276 1629 1357 Ego
1659 1272 2074 1357 Bern'oldus
2112 1290 2230 1351 eps
2271 1267 2497 1333 tradidi
2536 1270 2657 1332 deo
2704 1277 2768 1333 et
2812 1290 2928 1333 sco
2969 1272 3123 1333 Bon.
3146 1270 3375 1369 predia
3417 1290 3564 1333 mea
3592 1290 3719 1352 que
3753 1272 3891 1333 tunt
3916 1275 3983 1333 in

1191 1364 1345 1425 saltu
1387 1366 1492 1445 qui
1535 1366 1801 1421 uocatur
1833 1360 2048 1421 Har-z.
2080 1362 2146 1420 in
2185 1358 2342 1419 iocis
2373 1359 2516 1419 istit.
2556 1359 3053 1420 Mettenheim.
3092 1358 3756 1420 Lutharterhuren.
3797 1359 3986 1419 Len-

1083 1476 1088 1481 ⁶
1189 1450 1365 1533 gidi.
1398 1446 2045 1509 Lantolfcfbuscn.
2079 1444 2669 1509 Rinolfeshul'cn.
2702 1452 2767 1505 et
2798 1445 3197 1516 Sulzbeim.
3231 1462 3374 1507 cum
3405 1448 3741 1525 mancipiis
3775 1444 3937 1505 Lxx.

1333 1534 1462 1595 ’79.
1505 1532 1643 1617 Ego
1683 1534 1893 1595 willa
1932 1532 2244 1593 trad-sco
2271 1531 2439 1592 Bon.
2481 1534 2929 1611 proprietatem
2970 1548 3178 1593 meam
3216 1534 3281 1593 in
3326 1532 3485 1593 locis
3515 1532 3637 1593 his.
3670 1532 3985 1594 Grunin-

1187 1638 1357 1705 gen.
1379 1618 1950 1703 Ditgcrcstorfe.
1975 1618 2503 1679 Ballereslebc.
2530 1618 3084 1679 Hutcbrunnen.
3110 1618 3649 1682 Gerlobestetc.
3676 1618 3985 1679 wiccio-

1187 1709 1359 1771 t'ale.
1391 1726 1534 1769 cum
1567 1706 1858 1769 omnibus
1881 1704 2274 1787 appendiciis
2297 1712 2362 1765 et
2391 1704 2727 1785 mancipiis
2750 1712 2814 1765 et
2842 1706 3144 1785 prolibus.
3340 1756 3347 1763 .
3949 1733 3958 1742 =

1361 1795 1464 1856 80.
1503 1794 1639 1877 Ego
1683 1792 1955 1853 Hohrih
1996 1791 2174 1853 trado
2215 1808 2332 1853 sco
2377 1792 2530 1853 Bon.
2577 1792 2747 1852 bona
2784 1810 2931 1853 mea
2970 1794 3034 1853 in
3066 1771 3333 1875 regione
3374 1793 3691 1852 saxonie
3736 1794 3801 1851 in
3832 1791 3990 1851 locis

1187 1882 1332 1957 istis.
1362 1881 1708 1942 Nothfeu.
1738 1879 2219 1961 Helisungen.
2252 1876 2527 1947 Rodcn.
2559 1878 2848 1947 Welii'e.
2876 1876 3558 1945 Holctlarethusun.
3614 1894 3759 1939 cum
3790 1876 3985 1939 multa

1191 1968 1531 2031 fubstantia
1559 1974 1625 2029 et
1653 1964 1914 2029 familia.
2908 2002 2913 2009 ·

1359 2054 1461 2115 81.
1493 2053 1798 2116 Bcrnolt
1827 2049 2134 2133 epau-ad.
2169 2068 2285 2113 sco
2315 2051 2469 2113 Bon.
2504 2052 2673 2113 bona
2704 2052 2818 2112 fua
2847 2051 3173 2114 Seleden
3198 2057 3262 2113 ct
3282 2054 3350 2113 in
3372 2052 3606 2114 ceteris
3626 2050 3787 2112 locis
3810 2049 3987 2112 adia-

1188 2142 1502 2206 centibus,

1358 2226 1465 2290 82.
1495 2218 1634 2310 Ego
1671 2223 2016 2306 wicdehp
2055 2222 2232 2285 trado
2275 2242 2389 2285 sco
2435 2223 2589 2285 Bon.
2635 2225 2703 2285 L.
2733 2227 2961 2309 iugera
3004 2226 3070 2286 in
3107 2225 3249 2288 loco
3296 2223 3794 2286 Hohcnselen.
3842 2241 3985 2285 cum

1186 2318 1524 2395 mancipiis
1558 2320 1622 2375 et
1653 2314 1944 2374 omnibus
1978 2310 2393 2393 appendiciis.
3830 2340 3837 2348 ·
3874 2344 3882 2352 -

1359 2402 1464 2462 83.
1495 2402 1634 2483 Ego
1663 2402 2082 2461 Irminwart
2111 2416 2272 2459 com.
2303 2397 2461 2458 trad.
2495 2415 2612 2459 sco
2642 2396 2796 2459 Bon.
2828 2401 2893 2459 in
2924 2416 3097 2480 pago
3142 2398 3514 2480 Lirgewe.
3558 2400 3623 2458 in
3666 2396 3819 2457 uilla
3860 2413 3988 2477 que

1171 2488 1412 2551 ‘dicitur
1449 2487 1668 2565 (106⁸)
1696 2484 2156 2548 'Dinbarloha
2195 2501 2447 2545 omnem
2486 2486 2931 2567 proprietatem
2974 2490 3041 2545 et
3076 2483 3291 2545 hubas.
3332 2484 3433 2544 111.
3472 2482 3887 2554 dominicale?
3924 2489 3987 2543 et

1189 2578 1509 2657 mancipia
1539 2592 1683 2647 cum
1712 2574 1908 2653 prole.

1359 2660 1465 2723 84.
1511 2661 1648 2743 Ego
1689 2657 1976 2742 Egilolf
2008 2656 2087 2719 de
2136 2657 2473 2719 Saxonia
2510 2656 2668 2718 trad.
2712 2655 2834 2719 deo
2877 2664 2957 2718 et·
2986 2673 3101 2718 sco
3142 2655 3296 2718 Bon.
3337 2662 3582 2735 partem
3620 2654 3994 2717 hereditatis

1058 2798 1072 2807 .
1190 2768 1352 2810 mec.
1383 2751 1424 2809 i.
1457 2746 1773 2809 dimidiam
1807 2751 2131 2825 capturam
2162 2752 2225 2805 ct
2255 2743 2557 2806 familiam
2588 2762 2731 2805 cum
2760 2744 2937 2824 prole
2967 2744 3097 2805 fua.

1363 2832 1468 2895 85.
1499 2834 1636 2917 Ego
1668 2832 1911 2894 Ortolf
1939 2831 2116 2893 trado
2159 2848 2276 2893 sco
2316 2831 2471 2891 Bon.
2503 2833 2569 2892 in
2601 2830 3018 2891 elemosinam
3046 2830 3244 2909 patris
3266 2833 3393 2890 mei
3426 2847 3639 2890 aream
3674 2847 3883 2890 unam.
3916 2832 3981 2889 in

1189 2920 1340 2983 uilia
1369 2940 1495 3003 que
1525 2920 1749 2982 dicitur
1776 2918 2204 3003 Egenhcim.
2239 2917 2352 2979 sita
2381 2921 2447 2978 in
2478 2935 2649 3008 pago
2682 2914 3138 2992 ostfalahan.

1175 3059 1178 3071 .
1359 3007 1462 3070 86.
1494 3009 1630 3092 Ego
1661 3007 1960 3090 Hahger
1987 3006 2165 3068 trado
2197 3004 2318 3067 deo
2351 3013 2415 3066 et
2445 3022 2560 3067 sco
2592 3005 2745 3066 Bon.
2776 3004 3192 3066 hereditatem
3218 3007 3427 3074 meam
3448 3007 3513 3064 in
3534 3001 3821 3064 terminis
3836 3001 3983 3062 uilio

1125 3150 1130 3154 .
1188 3097 1559 3157 worei'ete
1599 3099 1664 3157 in
1703 3112 1876 3177 pago
1916 3093 2300 3177 Archinge
2328 3093 2659 3175 prouincie
2689 3092 3005 3153 saxonie
3038 3092 3101 3152 .1.
3133 3090 3365 3153 hubam
3416 3098 3583 3151 terre
3630 3090 3797 3152 culte
3838 3107 3983 3150 cum

1133 3205 1136 3210 ·
1185 3183 1397 3263 pratif.
1432 3183 1612 3245 siluit.
1646 3182 1959 3244 domibus,

1358 3267 1462 3333 87.
1494 3270 1746 3352 Recgo
1787 3269 1866 3331 de
1911 3269 2225 3328 saxonia
2267 3264 2427 3327 trad.
2460 3283 2577 3327 sco
2606 3264 2760 3326 Bon.
2793 3282 2986 3325 unam
3018 3281 3235 3326 aream
3265 3282 3410 3325 cum
3441 3262 3611 3325 huba
3639 3266 3892 3345 integra
3922 3269 3989 3324 et

1185 3363 1732 3438 unamxcapturam
1763 3360 1828 3418 in
1861 3354 2088 3416 eadem
2117 3369 2352 3424 marca.

1361 3443 1464 3504 88.
1497 3444 1723 3505 Getes
1726 3462 1761 3504 c
1774 3443 1888 3503 alc
1917 3440 2074 3503 trad.
2107 3438 2229 3500 deo
2262 3446 2326 3500 et
2355 3455 2473 3500 sco
2504 3438 2657 3498 Bon.
2690 3438 2857 3499 bona
2887 3437 2999 3498 sua
3028 3439 3094 3498 in
3123 3436 3283 3498 locis
3306 3454 3433 3516 que
3462 3442 3773 3498 uocantur
3802 3433 3983 3495 Ethi.

1187 3537 1254 3592 et
1280 3530 1650 3592 Etisheim.
1685 3536 1748 3590 et
1776 3528 2238 3602 Hamunl'tat.
2259 3529 2324 3586 in
2352 3543 2528 3620 pago
2559 3524 2905 3606 Lil'gowe
2927 3526 3259 3603 prouincie
3284 3523 3613 3584 saxonie.
3638 3539 3782 3583 cum
3801 3539 3991 3588 man-

1187 3619 1374 3696 cipiis
1405 3634 1667 3677 numero
1697 3614 1862 3675 Lxx,
2032 3669 2041 3674 .
2973 3646 2981 3658 ·
3974 3667 3983 3674 ,

1358 3699 1463 3764 89.
1494 3701 1630 3784 Ego
1663 3700 1856 3763 otolt
1899 3699 1980 3762 de
2027 3699 2339 3760 saxonia
2375 3698 2555 3760 trado
2604 3714 2721 3760 sco
2749 3697 2905 3758 Bon.
2937 3697 3106 3758 bona
3153 3713 3300 3757 mea
3342 3711 3469 3775 que
3522 3712 3562 3755 a
3611 3694 3983 3774 parentibus

1185 3791 1352 3850 meis
1382 3806 1597 3850 coram
1625 3787 1939 3851 iudicibus
1971 3786 2228 3848 obtinui.
2258 3789 2325 3884 in
2364 3786 2514 3847 uilla
2558 3787 2812 3846 nomine
2843 3782 3230 3844 Helmhurs
3234 3788 3257 3842 t
3286 3799 3431 3844 cum
3459 3779 3719 3843 familiis
3748 3787 3816 3841 et
3841 3797 3987 3860 pro-

1185 3874 1351 3988 libui'
1363 3875 1634 4046 {gli-Eg}
1663 3960 1866 4023 Abho
1897 3959 1976 4022 do
2007 3959 2158 4021 sax
2170 3962 2345 4020 onia
2374 3957 2556 4020 trado
2586 3975 2701 4020 300
2730 3957 2885 4018 Bon.
2918 3955 3217 4038 quicquid
3245 3955 3646 4036 proplietam*
3678 3953 3887 4015 habeo
3918 3956 3985 4013 in

1187 4051 1340 4111 uilla
1368 4052 1651 4114 Arnare
1695 4053 1761 4110 in
1801 4047 2072 4129 capturis
2102 4049 2170 4108 in
2209 4045 2379 4109 arcis
2406 4047 2603 4126 pratil*
2642 4045 2818 4127 agris
2854 4044 3145 4106 domibus
3168 4045 3533 4123 'mancipiis
3582 4048 3647 4104 et
3690 4040 3983 4102 omnibus

1187 4135 1466 4284 ιἚέιῃιΙ91.
1496 4223 1633 4306 Ego
1664 4221 2054 4285 fridewart
2093 4227 2157 4280 et
2193 4221 2346 4282 bila
2381 4218 2560 4281 trado
2592 4216 3143 4279 resEberwarti
3184 4231 3301 4278 seo
3342 4215 3497 4277 Bon.
3530 4213 3689 4278 sicut
3720 4215 3809 4275 ab
3852 4214 3985 4292 ipso

1192 4310 1452 4391 suscepi.
1485 4309 1780 4391 quicquid
1819 4312 1882 4370 in
1927 4308 2241 4369 saxonia
2277 4307 2438 4368 iusto
2474 4303 2744 4398 possedit
2782 4311 3059 4384 excepta
3086 4321 3215 4365 una
3252 4302 3441 4364 huba.
3487 4304 3668 4364 iuxta
3711 4302 3987 4380 lippam

1189 4395 1445 4459 flumen.
1477 4405 1694 4458 cetera
1723 4399 1935 4456 omnia
1964 4391 2163 4455 trado.
2462 4462 2473 4472 ‚
2538 4417 2545 4422 ·
2832 4425 2837 4434 ·
3276 4393 3282 4398 '

1221 4500 1228 4510 ·
1361 4483 1466 4545 92.
1507 4481 1879 4565 EgoEges
1918 4478 1999 4543 de
2039 4481 2355 4542 saxonia
2382 4475 2561 4539 trado
2602 4495 2718 4539 sco
2748 4477 2901 4538 Bon.
2932 4483 3165 4560 rogatu
3208 4473 3419 4538 fratris
3454 4477 3581 4538 mei
3622 4469 3996 4582 {hunonis

1189 4568 1490 4652 quicquid
1518 4573 1583 4631 in
1613 4571 1945 4649 prouincia
1971 4559 2748 4628 Bassorum³habuimus.

1361 4656 1466 4718 93.
1497 4654 1753 4718 Lutolf
1773 4653 1853 4716 de
1883 4654 2196 4716 saxonia
2223 4647 2380 4714 trad.
2412 4669 2527 4732 pro
2560 4652 2625 4712 [ο
2648 4657 2713 4712 et
2732 4669 2847 4732 pro
2870 4649 3063 4744 fratre
3084 4650 3194 4711 suo
3214 4647 3500 4710 Ditoifo
3520 4649 3589 4710 in
3608 4645 3941 4753 uilla-witi
3959 4675 3989 4687 -

1193 4743 1430 4825 sunga
1459 4742 1648 4806 areas
1673 4742 1834 4806 duat
1858 4748 1922 4802 et
1950 4740 2098 4802 XXX
2129 4741 2346 4839 agros.»
2554 4825 2563 4838 ι
2685 4773 2695 4786 ·
