4821 5976
1031 806 1160 867 158
2251 804 2405 884 Cap.
2456 807 2559 866 74.
2594 808 2695 866 75.

1035 974 1115 1035 ad
1135 972 1370 1049 ⁸altiora
1394 974 1868 1036 conscenderet.
1901 972 2033 1052 ipsa
2061 970 2360 1033 uillicatio
2394 972 2475 1033 ab
2506 991 2585 1033 eo
2628 972 2829 1033 libera
2871 982 2935 1033 et
2980 974 3261 1035 absoluta
3302 978 3487 1038 nobis
3529 981 3663 1041 sine
3702 980 3827 1043 ullo

1030 1059 1482 1137 impedimento
1517 1066 1795 1120 uacaret.
1827 1075 1951 1117 nec
1981 1056 2083 1117 uel
2114 1064 2265 1118 tune
2296 1058 2400 1117 uel
2432 1075 2601 1117 nunc
2640 1056 2958 1135 predictus
2996 1062 3343 1139 germanus
3373 1061 3541 1121 illius
3580 1066 3665 1125 .L.
3714 1065 3827 1126 ali-

1030 1142 1181 1223 quid
1211 1142 1294 1203 de
1325 1162 1406 1204 ea
1436 1146 1500 1205 se
1531 1146 1982 1203 intromitteret.
2015 1143 2120 1203 uel
2149 1142 2553 1221 permisfione
2584 1142 2775 1219 ipsius
2799 1146 3029 1220 quouis
3070 1142 3251 1204 modo
3293 1145 3403 1205 sibi
3448 1146 3824 1211 adtraheret.

1031 1228 1134 1287 uel
1167 1230 1612 1308 reconsignata
1640 1233 1976 1305 repeteret.
2009 1227 2118 1287 sed
2149 1226 2356 1287 nostra
2386 1226 2571 1287 nobis
2617 1227 2929 1287 liberrime
2972 1227 3052 1287 ab
3098 1232 3270 1288 omni
3314 1229 3711 1308 dispositione
3755 1232 3830 1292 il·

1029 1312 1156 1373 lius
1188 1313 1480 1373 redirent.
1513 1312 1924 1372 Consulentes
1949 1330 2106 1391 ergo
2137 1313 2327 1372 nobis
2357 1330 2443 1371 ex
2474 1310 2775 1389 qualitate
2808 1312 3119 1390 temporis.
3152 1321 3217 1373 et
3248 1332 3332 1373 ex
3363 1332 3441 1373 eo
3468 1315 3634 1393 quod
3660 1315 3827 1377 idem

1031 1396 1452 1459 cancellarius
1485 1396 1775 1473 spiritalis
1826 1397 2019 1457 frater
2049 1398 2256 1455 noster
2287 1396 2467 1455 esset.
2500 1396 2901 1457 attendentes
2925 1400 3113 1456 etiam
3144 1397 3266 1457 hoc
3295 1401 3360 1458 in
3408 1403 3585 1459 curia
3628 1402 3825 1478 impe·

1031 1482 1257 1540 ratoris
1277 1482 1340 1538 in
1372 1480 1582 1540 multis
1605 1481 1791 1541 nobis
1814 1480 2150 1559 prodesse.
2177 1488 2500 1540 annuente
2525 1481 2626 1540 .M.
2650 1482 2877 1541 abbate
2901 1482 3241 1542 secundum
3252 1484 3669 1562 prescriptum
3690 1504 3825 1544 mo-

1031 1564 1174 1625 dum
1207 1564 1478 1624 eandem
1507 1566 1956 1626 uillicationem
1985 1565 2068 1625 illi
2115 1566 2560 1625 commisimus
2609 1583 2730 1625 nec
2772 1574 2984 1627 tamen
3032 1584 3071 1625 a
3112 1568 3661 1629 commendatione
3699 1586 3829 1649 qua

1031 1647 1175 1708 duci
1205 1649 1278 1709 Η.
1310 1667 1455 1709 eam
1480 1651 1902 1711 commifimus
1934 1648 2295 1710 desiuimus.
2328 1649 2489 1709 Aeta
2520 1650 2659 1710 sunt
2680 1650 2801 1710 hec
2844 1652 2979 1729 (a).
3013 1650 3326 1713 dominice
3367 1656 3825 1715 incarnationis

1029 1732 1134 1793 11⁰.
1167 1734 1261 1795 C‘.
1292 1734 1486 1795 1..v11.
1517 1733 1642 1795 ind.
1677 1734 1742 1793 V.
1774 1734 2110 1815 Regnante
2139 1734 2457 1795 Friderico
2488 1738 2886 1813 imperatore.
2920 1735 3040 1797 sub
3072 1736 3300 1797 abbate
3326 1738 3717 1800 Marcuardo.

1425 1960 1643 2041 (186⁸)
1691 1963 1738 2033 7
1747 1963 1815 2032 5.
1865 1962 1967 2034 De
2005 1960 2370 2037 oblatione
2409 1961 2758 2034 Gerhardi
2795 1962 2885 2035 de
2921 1962 3332 2059 vargalaha
3351 1962 3444 2043 ²).

1205 2147 1274 2205 In
1304 2147 1562 2220 nomine
1594 2154 1863 2207 sanetae
1893 2153 1956 2207 et
1985 2147 2352 2210 indiuiduae
2382 2150 2702 2210 trinitatis,
2734 2149 2952 2209 Notum
2988 2150 3061 2209 sit
3090 2151 3382 2210 omnibus
3413 2151 3630 2211 Christi
3674 2150 3829 2211 flde-

1035 2227 1198 2291 libus
1229 2239 1355 2291 tam
1388 2231 1612 2291 futuris
1651 2248 1838 2309 quam
1885 2232 2281 2309 presentibus
2328 2233 2599 2312 qualiter
2640 2250 2769 2314 ego
2816 2234 3247 2295 Gerhardus
3280 2233 3361 2294 de
3405 2234 3829 2315 vargalaha

1035 2316 1335 2397 indignus
1357 2317 1506 2376 licet
1536 2314 1615 2375 de
1645 2316 1749 2375 dei
1779 2316 2224 2377 misericordia.
2265 2336 2410 2378 cum
2456 2319 2695 2378 Chuni
2708 2336 2805 2399 gu
2822 2319 2967 2379 nda
3012 2319 3514 2379 christianissima
3552 2324 3829 2401 coniuge

1034 2419 1202 2461 mea.
1233 2401 1503 2462 dominis
1535 2407 1600 2460 et
1630 2400 1926 2460 fratribus
1956 2402 2130 2461 meis.
2155 2400 2343 2462 huius
2369 2409 2638 2463 sanctae
2662 2403 2966 2465 fuldensis
2998 2406 3522 2485 congregationis
3548 2422 3831 2463 conuen-

1038 2487 1150 2545 tus.
1199 2488 1514 2546 eoniu'ncti
1563 2486 1776 2546 sumus
1830 2487 2122 2545 omnibus
2165 2487 2507 2548 beneficiis.
2550 2494 2677 2547 tam
2717 2489 3081 2564 prebendae
3120 2506 3309 2567 quam
3350 2489 3828 2549 elemosinarum

1040 2588 1184 2631 cum
1215 2575 1576 2651 integritate
1606 2570 1929 2631 fraternae
1959 2573 2284 2631 orationis.
2315 2572 2616 2631 videntes
2639 2575 2807 2630 enim
2838 2572 3042 2631 labilis
3062 2571 3253 2631 huius
3282 2572 3628 2631 mansionis
3639 2573 3829 2631 insta-

1037 2655 1334 2715 bilitatem
1369 2657 1497 2733 spei
1530 2656 1738 2716 bonae
1767 2654 2040 2716 fiduciae
2071 2655 2388 2715 inhiantes
2410 2662 2476 2715 et
2508 2654 2588 2715 ad
2634 2655 2943 2734 supernae
2988 2654 3392 2717 beatitudinis
3420 2656 3830 2718 inmortalita-

1037 2746 1162 2799 tem
1215 2741 1562 2801 tendentes.
1618 2740 1696 2799 ad
1749 2747 2018 2819 quatuor
2067 2740 2308 2800 talenta
2349 2742 2417 2799 in
2460 2739 2614 2799 villa
2644 2758 2812 2819 quae
2842 2738 3067 2801 dicitur
3108 2740 3263 2800 Tun
3280 2742 3473 2801 naha
3512 2741 3594 2801 de
3632 2742 3830 2801 bene-

1007 2824 1180 2897 „fleio
1212 2843 1356 2884 meo
1387 2824 1556 2904 quod
1587 2825 1664 2885 ab
1697 2824 2198 2885 antecessoribus
2229 2825 2389 2884 meis
2412 2827 2549 2885 iure
2572 2824 2948 2886 hereditario
2974 2826 3170 2903 usque
3194 2826 3377 2886 modo
3411 2827 3543 2885 fine
3568 2826 3832 2905 querela

1035 2909 1278 2990 possedi
1312 2916 1374 2969 et
1403 2909 1690 2990 possideo
1722 2926 1833 2988 pro
1865 2908 2144 2970 remedio
2177 2912 2431 2969 animae
2459 2925 2667 2969 meae.
2698 2909 2919 2970 uxoris
2938 2917 3004 2969 et
3029 2910 3197 2969 filiae
3222 2914 3628 2990 omniumque
3653 2917 3831 2970 ante·

1030 2995 1338 3057 cessorum
1369 3013 1651 3056 meorum
1683 2993 1934 3055 domino
1966 2998 2380 3074 omnipotenti
2409 3001 2767 3074 sanctoque
2795 2995 3122 3056 Bonifacio
3160 2995 3524 3056 dimittimus
3558 3003 3621 3055 et
3666 2993 3829 3056 offe-

1031 3083 1228 3142 rimus
1262 3099 1340 3141 ae
1371 3080 1674 3141 tradimus
1706 3080 1976 3141 dominis
1999 3087 2064 3141 et
2093 3079 2392 3139 fratribus
2424 3081 2650 3139 nostris
2674 3083 2737 3138 in
2771 3079 3171 3150 oblationem.
3204 3079 3327 3140 hac
3356 3080 3653 3140 uidelicet
3676 3098 3827 3140 con-

1027 3165 1264 3226 ditione
1295 3172 1362 3224 ut
1394 3167 1479 3225 fic
1511 3165 1590 3225 ad
1619 3165 1763 3225 loca
1793 3165 1972 3244 sacra
2001 3163 2334 3224 diuidatur.
2379 3165 2453 3224 In
2482 3165 2638 3223 urbe
2683 3181 2842 3244 ergo
2886 3162 3182 3224 fratribus
3222 3167 3479 3224 maioris
3512 3163 3827 3226 ecelesiae

1025 3251 1094 3310 in
1123 3252 1225 3310 ius
1251 3253 1534 3310 caritatis
1560 3251 1906 3310 animarum
1933 3249 2102 3328 quod
2125 3249 2320 3328 uulgo
2345 3247 2754 3327 Selgereth
2780 3248 3003 3309 dicitur
3026 3248 3149 3308 duo
3174 3248 3413 3308 talenta
3440 3248 3824 3310 ordinamus.

1025 3335 1344 3395 Fratribus
1377 3336 1456 3395 de
1487 3342 1700 3394 monte
1731 3352 1848 3395 see
1878 3333 2075 3394 Marie
2105 3351 2299 3393 unum
2328 3333 2653 3392 talentum.
2680 3333 2999 3392 Fratribus
3025 3332 3104 3392 de
3131 3351 3245 3393 seo
3270 3333 3624 3394 Michahele
3646 3333 3827 3394 dimi-

1024 3419 1191 3480 dium
1221 3421 1544 3481 talentum.
1574 3423 1642 3479 in
1671 3420 1770 3480 ius
1795 3418 2085 3497 prefatae
2115 3415 2401 3479 caritatis
2425 3416 2504 3477 ad
2534 3417 3028 3479 anniuersarium
3060 3435 3270 3477 meum
3304 3425 3367 3477 et
3398 3419 3617 3477 uxoris
3638 3435 3825 3478 meae

1023 3507 1348 3565 annuatim
1381 3503 1824 3564 celebrandum
1869 3503 1991 3564 hec
2038 3505 2250 3562 omnia
2291 3500 2808 3561 determinamus.
2857 3501 3048 3559 Porro
3096 3502 3174 3563 ad
3216 3502 3523 3579 hospitale
3562 3501 3823 3578 predicti

1017 3591 1248 3650 montis
1271 3591 1550 3667 quinque
1583 3588 1826 3649 solidos.
1858 3586 1939 3648 ad
1969 3583 2526 3661 illuminan(186¹')
2539 3585 2683 3645 dam
2715 3587 2813 3645 sci
2843 3583 3215 3644 Michahelis
3269 3593 3557 3664 cryptam
3599 3585 3685 3645 Ν.
3716 3587 3822 3644 ‚so-

1019 3674 1182 3734 lidos
1225 3676 1552 3734 statuimus
1597 3673 1751 3733 dari.
1785 3675 1941 3732 etin
1973 3670 2240 3750 prefatis
2267 3670 2434 3730 loeis
2456 3672 2715 3728 nomina
2758 3677 3087 3746 parentum
3129 3676 3375 3748 patrum
3418 3669 3716 3730 uidelicet
3758 3676 3822 3730 et

1017 3767 1302 3818 matrum.
1339 3759 1723 3836 fratrumque
1753 3756 2098 3816 nostrorum
2129 3759 2194 3815 in
2225 3755 2386 3814 libro
2407 3753 2818 3817 fraternitatis
2834 3755 3126 3815 uolumus
3151 3757 3461 3814 annotari.
3486 3755 3661 3815 Haec
3674 3757 3823 3832 ‘qui-—

993 3841 1159 3903 ‘dem
1193 3851 1336 3920 post
1369 3844 1688 3904 decessum
1721 3842 1994 3901 nostrum
2025 3845 2112 3900 ita
2145 3839 2489 3900 diuidenda
2522 3838 2912 3900 tradidimus.
2939 3838 3246 3910 Quamdiu
3271 3845 3479 3898 autem
3508 3839 3693 3898 ambo
3724 3840 3821 3898 su-

1019 3929 1308 4006 perstites
1331 3928 1546 3988 sumus
1580 3929 1718 3988 .xl1.
1753 3925 1994 3988 denarii
2027 3930 2092 3987 in
2123 3925 2298 3986 urbe.
2333 3923 2427 3984 Vl.
2460 3926 2525 3984 in
2556 3931 2792 3984 monte.
2826 3923 2892 3983 V.
2940 3923 3020 3983 ad
3060 3930 3353 3982 sanctum
3400 3922 3818 3986 michahelem

1019 4015 1262 4072 interim
1297 4012 1608 4073 dabuntur
1639 4031 1678 4074 a
1709 4012 1896 4072 nobis
1939 4011 2202 4092 singulis
2235 4009 2432 4069 annis.
2482 4008 2561 4068 ad
2600 4011 2967 4070 memoriam
3010 4011 3205 4068 initae
3245 4006 3565 4068 fraternae
3604 4007 3824 4069 condi·

1019 4101 1230 4156 tionis.
1261 4099 1614 4158 Inminente
1646 4113 1799 4157 uero
1831 4099 2044 4156 exitus
2075 4097 2278 4155 nostri
2304 4100 2591 4172 tempore
2622 4092 2747 4153 duo
2778 4093 2881 4152 uel
2910 4094 3040 4153 tres
3073 4093 3303 4153 fratres
3342 4093 3528 4153 nobis
3570 4095 3821 4152 mittan·

1019 4187 1134 4240 tur.
1168 4186 1274 4258 qui
1307 4200 1572 4258 corpora
1602 4184 1810 4242 nostra
1856 4179 2172 4242 condiant.
2214 4178 2464 4240 animas
2494 4178 2739 4238 nostras
2777 4177 2900 4238 deo
2943 4177 3405 4238 commendent.
3451 4177 3820 4257 faciantque

1017 4271 1086 4322 ut
1116 4281 1383 4341 corpora
1413 4268 1623 4324 nostra
1655 4285 1795 4328 cum
1841 4266 2084 4326 honore
2126 4263 2358 4324 fuldam
2401 4263 2767 4340 sepelienda
2804 4261 3187 4324 deserantur.
3228 4261 3403 4334 Quod
3449 4263 3499 4322 si
3538 4280 3665 4340 ego
3710 4263 3815 4322 uel

1017 4365 1180 4409 uxor
1210 4366 1356 4408 mea
1391 4351 1688 4412 mundum
1720 4351 2080 4430 relinquere
2107 4351 2516 4410 uoluerimus.
2550 4347 2891 4409 claustrum
2924 4347 3155 4408 domini
3186 4349 3395 4406 sancti
3423 4347 3729 4407 Bonifacii
3750 4349 3817 4408 in

1019 4437 1174 4497 ufbe
1203 4433 1357 4496 mihi
1389 4440 1626 4514 pateat.
1671 4454 1832 4496 uxor
1871 4453 2027 4496 uero
2066 4452 2215 4496 mea
2263 4431 2346 4495 de
2391 4434 2549 4495 urbe
2592 4433 2976 4512 prebendam
3018 4435 3309 4510 accipiat.
3358 4439 3422 4492 et
3466 4436 3529 4492 in
3570 4430 3814 4509 prefato

1163 4697 1210 4763 ι)
1239 4699 1464 4749 schann-
1491 4697 1672 4747 tradit.
1699 4695 1818 4746 633.
1855 4695 1909 4762 ἱ)
1937 4697 1996 4746 ln
2023 4699 2121 4749 der
2141 4698 2491 4747 Handschritt
2512 4697 2647 4749 fehlt
2672 4697 2763 4750 ein
2778 4697 2834 4746 x.
