4821 5976
1020 875 1077 922 Vl

1013 1065 1355 1135 presentes
1386 1053 1497 1134 qui
1525 1059 1758 1115 assunt
1788 1052 2020 1114 fratres
2052 1051 2172 1115 sed
2203 1053 2395 1114 etiam
2431 1053 2968 1132 supervenientes
2999 1051 3290 1133 hospites
3321 1051 3427 1116 uel
3455 1054 3690 1118 elerici.
3721 1055 3828 1118 uel

1014 1159 1221 1218 eciam
1253 1157 1543 1236 episcopi
1573 1154 1741 1237 quod
1770 1173 1900 1216 non
1930 1157 2077 1218 sine
2108 1169 2314 1217 causa
2340 1157 2407 1216 in
2438 1153 2562 1216 hoc
2592 1171 2789 1234 opere
2829 1172 3066 1236 magno
3097 1155 3314 1218 labore
3345 1157 3826 1223 desudauimus.

1012 1259 1183 1320 Certi
1214 1259 1385 1319 enim
1416 1275 1661 1320 sumus.
1694 1258 1846 1337 quia
1876 1259 2259 1337 quicumque
2290 1256 2519 1338 legerit
2563 1256 2670 1316 uel
2712 1255 2980 1318 audierit
3019 1266 3259 1338 quanta
3297 1262 3672 1322 auctoritate
3714 1277 3832 1340 pa·

950 1353 975 1361 ⁶
1013 1369 1177 1422 trum
1208 1361 1389 1422 locus
1419 1364 1545 1421 iste
1576 1359 1965 1421 uenerabilis
1994 1357 2299 1420 fundatus
2330 1361 2436 1420 sit.
2467 1361 2726 1438 quantis
2756 1361 3078 1439 preceptis
3109 1362 3462 1440 principum
3491 1362 3832 1426 confima-

1012 1471 1141 1525 tus.
1172 1469 1412 1545 quanta
1440 1462 1755 1544 religione
1783 1461 2242 1522 uenerabilium
2270 1460 2530 1522 fratrum
2563 1463 2832 1523 interius
2861 1469 2927 1524 et
2955 1465 3246 1525 exterius
3277 1464 3594 1527 excultus.
3627 1484 3832 1546 quan-
3885 1481 3910 1496 ²

1013 1575 1207 1647 toque
1236 1572 1386 1626 uoto
1418 1571 1483 1624 et
1512 1562 1835 1626 desiderio
1860 1571 2227 1624 sanctarum
2248 1567 2604 1624 animarum
2628 1569 2972 1644 exoptatus
2996 1569 3104 1628 sit.
3127 1583 3387 1646 semper
3407 1567 3615 1628 locum
3635 1570 3831 1629 istum

1014 1687 1169 1748 prae
1198 1667 1405 1729 oculis
1434 1666 1681 1728 habens
1710 1665 1969 1728 odorem
2000 1665 2167 1726 bone
2199 1667 2523 1745 opinionis
2547 1669 2691 1726 eius
2717 1667 2951 1746 ubique
2972 1667 3324 1747 predicabit
3353 1676 3421 1728 ut
3449 1677 3515 1728 et
3542 1670 3692 1732 laici
3721 1669 3828 1730 uel

1012 1772 1207 1833 idiote
1238 1779 1303 1830 et
1330 1787 1463 1830 non
1490 1769 1924 1850 intelligentes
1967 1769 2046 1829 ab
2076 1767 2203 1828 hiis
2236 1770 2345 1848 qui
2384 1767 2611 1850 legunt
2649 1751 2716 1829 et
2759 1769 2920 1830 alios
2965 1771 3286 1831 instruunt
3329 1777 3705 1832 terreantur.
3746 1787 3831 1833 ne

1012 1879 1257 1934 tantum
1289 1873 1367 1934 ab
1398 1871 1521 1933 hoo
1552 1879 1975 1934 sacrosancto
2004 1871 2146 1933 loco
2178 1875 2432 1951 rapiant
2469 1877 2534 1932 et
2563 1871 2856 1933 auferant
2883 1880 3190 1954 quantum
3219 1891 3428 1954 usque
3459 1877 3523 1936 in
3552 1891 3833 1954 presens

1016 1973 1325 2036 fecerunt.
1358 1974 1659 2034 Preterea
1688 1975 1841 2054 quia
1869 1992 1983 2053 pro
2016 1976 2228 2036 anima
2256 1981 2363 2035 est
2385 1991 2516 2035 res.
2548 1977 2766 2036 timeat
2797 1979 3007 2037 omnis
3029 1993 3312 2056 persona
3336 1978 3439 2038 uel
3461 1995 3702 2058 magna
3726 1975 3829 2038 uel

1014 2092 1217 2158 parua
1243 2077 1523 2138 bannum
1552 2075 1697 2155 plus
1728 2094 1921 2157 quam
1952 2077 2089 2137 M..
2120 2077 2612 2156 apostolicorum
2638 2081 2984 2157 promereri
3013 2082 3377 2160 quicunque
3407 2083 3620 2141 sancti
3645 2078 3835 2140 Boni-

1012 2180 1165 2240 t'acii
1194 2180 1361 2239 bona
1389 2182 1855 2259 presumpserit
1886 2180 1964 2240 ab
1996 2179 2119 2240 hoc
2150 2181 2294 2240 eius
2340 2183 2732 2240 monasterio
2765 2183 2996 2259 quouis
3033 2179 3223 2241 modo
3255 2181 3608 2259 depredari.
3626 2185 3666 2216 “
3706 2180 3841 2242 Auf

1012 2281 1157 2342 dem
1188 2278 1531 2340 fehlenden
1564 2280 1791 2340 dritten
1821 2281 2024 2340 Blatte
2054 2281 2315 2360 begann
2347 2279 2460 2339 der
2491 2281 2691 2339 Index
2715 2280 2828 2339 der
2856 2281 3256 2359 papstlichen
3289 2283 3654 2358 Urkunden‚
3684 2283 3835 2345 des·-

1014 2399 1138 2444 sen
1167 2381 1439 2441 Schluss
1472 2379 1589 2440 auf
1612 2379 1757 2440 dem
1785 2383 2081 2461 jetzigen
2126 2383 2412 2442 zweiten
2441 2379 2641 2440 Blatte
2673 2380 2864 2441 steht.
2899 2380 2986 2442 Bl.
3019 2379 3316 2442 3b—69·
3359 2385 3684 2444 euthalten
3729 2385 3834 2446 die

1024 2483 1263 2558 Ballou,
1294 2481 1377 2543 59
1410 2501 1492 2544 an
1523 2480 1636 2543 der
1656 2481 1835 2556 Zah13
1860 2484 1960 2568 sie
1993 2481 2138 2544 sind
2167 2483 2235 2542 in
2264 2485 2440 2543 zwei
2462 2482 2934 2566 Abtheilungen
2964 2483 3294 2565 gebracht,
3325 2502 3456 2545 von
3487 2484 3697 2547 denen
3729 2485 3834 2546 die

1024 2589 1267 2647 zweite
1296 2585 1544 2664 wieder
1572 2581 1719 2646 e‘ine
1750 2585 2109 2647 besondere
2138 2584 2501 2666 Einleitung
2531 2585 2658 2647 hat.
2691 2585 2780 2646 Bl.
2819 2582 2934 2645 30¹·
2973 2587 3262 2665 „Incipit
3291 2587 3598 2668 prologus
3629 2579 3694 2647 in
3726 2603 3836 2647 se·

1024 2688 1299 2750 cundem
1339 2688 1831 2750 distinctionem.
1884 2690 1955 2750 In
1994 2673 2187 2767 priori
2233 2686 2643 2750 distinctione
2685 2673 3088 2756 continentur
3125 2691 3464 2772 priuilegia
3505 2707 3546 2750 a
3587 2692 3834 2751 sanctis

1026 2792 1311 2871 patribus
1334 2790 1398 2851 id
1422 2798 1525 2851 est
1549 2792 1628 2852 ab
1646 2791 2019 2870 apostolicis
2034 2791 2382 2873 religiosis.
2402 2791 2893 2853 auctorabilibus
2918 2800 2983 2852 et
3006 2792 3192 2853 deum
3215 2793 3581 2854 timentibus
3608 2798 3836 2854 sancto

1027 2893 1356 2954 Bonifacio
1404 2910 1694 2974 suaeque
1734 2891 2079 2956 ecclesiae.
2126 2894 2250 2954 hoc
2292 2901 2395 2955 est
2435 2893 2711 2955 fuldensi
2755 2898 3146 2956 monasterio
3197 2912 3275 2958 ac
3319 2898 3460 2957 suis
3501 2897 3836 2958 abbatibus

1036 2997 1409 3060 contradita.
1454 3015 1493 3058 a
1522 3005 1807 3077 tempore
1843 3000 2053 3077 ipsius
2092 2999 2369 3077 piissimi
2400 2997 2636 3059 domini
2675 3016 2754 3061 ac
2783 3001 3034 3078 patroni
3075 3002 3278 3061 nostri
3323 3001 3492 3061 beati
3529 2998 3842 3061 Bonifacii

1032 3100 1501 3180 archiepiscopi
1534 3110 1598 3161 et
1628 3103 1947 3181 martyris.
1979 3117 2187 3179 usque
2220 3099 2300 3160 ad
2323 3106 2611 3178 tempora
2640 3101 2934 3163 Richardi
2966 3103 3235 3163 abbatis.
3269 3100 3427 3176 Quia
3457 3118 3612 3163 uero
3644 3116 3844 3182 quae—

1032 3201 1179 3263 dam
1209 3208 1359 3263 sunt
1388 3206 1755 3263 intermissa
1784 3220 1951 3280 quae
1982 3202 2385 3278 postmodum
2415 3203 2482 3262 in
2520 3206 2790 3262 armario
2822 3206 3207 3267 inuenimus.
3239 3198 3474 3283 placuit
3518 3212 3586 3263 ut
3615 3206 3840 3265 iterum

1004 3314 1077 3363 'a
1112 3304 1448 3383 primordio
1484 3304 1887 3381 incipiamus.
1932 3308 1995 3361 et
2040 3316 2123 3362 ea
2160 3320 2328 3380 quae
2367 3307 2787 3381 pretermissa
2831 3310 2984 3363 sunt
3028 3324 3069 3367 a
3103 3308 3570 3367 uetustissimis
3610 3312 3675 3364 et
3713 3308 3841 3365 iam

1032 3423 1199 3485 pene
1231 3404 1675 3465 deficientibus
1707 3403 1991 3466 scedulis
2030 3403 2432 3485 colligentes.
2473 3404 2738 3465 alteram
2779 3404 3252 3467 distinctionem
3287 3412 3592 3467 texentes
3631 3422 3841 3485 usque

1034 3507 1117 3568 ad
1154 3515 1443 3585 tempora
1482 3512 1703 3567 nostra
1740 3508 2271 3587 perstringamus.
2317 3506 2453 3566 Non
2499 3524 2658 3587 ergo
2695 3508 2992 3585 cuiquam
3035 3506 3324 3568 uideatur
3361 3507 3652 3569 friuolum
3699 3510 3840 3568 siue

1035 3604 1507 3688 superuacuum
1538 3616 1900 3669 sanctorum
1933 3614 2177 3686 patrum
2210 3608 2548 3690 priuilegia
2576 3608 2677 3669 bis
2724 3608 2828 3668 uel
2857 3616 2954 3669 ter
2983 3610 3368 3671 describere.
3410 3616 3476 3670 et
3512 3612 3577 3670 in
3620 3617 3840 3689 aperto

1033 3716 1313 3790 poneret
1358 3713 1509 3791 quia
1539 3710 1861 3772 deficienti
1899 3710 2225 3771 ecclesiae
2256 3712 2446 3771 citius
2475 3716 2704 3790 poterit
2734 3712 3091 3773 subueniri}
3135 3715 3196 3773 si
3237 3718 3554 3773 tantorum
3593 3721 3840 3793 patrum

1035 3814 1445 3874 auctorabilis
1488 3813 1827 3894 priuilegia
1868 3812 1949 3873 ad
1995 3812 2325 3873 multorum
2366 3820 2660 3893 poterunt
2689 3816 2987 3875 noticiam
3033 3818 3390 3893 peruenire.
3431 3816 3623 3875 Nemo
3669 3818 3838 3876 enim

1032 3924 1163 3977 tam
1195 3920 1571 3977 insensatus
1600 3924 1857 3997 tamque
1888 3916 2103 3977 fatuus
2137 3920 2379 3997 estqui
2421 3917 2650 3997 legerit
2690 3923 2754 3976 et
2797 3916 3064 3977 audierit
3111 3925 3348 3997 quanto
3388 3918 3616 3979 studio.
3657 3920 3840 3979 testi-

1030 4022 1267 4081 monio.
1300 4026 1621 4099 precepto.
1651 4002 1884 4082 banno.
1916 4021 2175 4099 scripto.
2216 4020 2453 4101 sigillo.
2491 4019 2808 4081 fuldensis
2850 4020 3134 4081 ecclesia
3175 4038 3216 4081 a
3261 4024 3506 4082 sanctis
3550 4020 3838 4100 patribus

1035 4126 1121 4186 sit
1164 4122 1245 4183 ab
1292 4124 1479 4184 annis
1522 4122 1668 4203 plus
1700 4140 1893 4202 quam
1936 4120 2424 4204 quadringentis
2467 4122 2795 4183 nobilitata
2823 4129 2900 4211 'et
2937 4125 3348 4184 auctorizata.
3391 4126 3540 4203 quin
3583 4138 3840 4202 semper

1033 4225 1317 4305 predicet
1344 4226 1467 4287 loci
1490 4228 1679 4286 istius
1706 4225 2029 4286 honorem.
2054 4233 2420 4305 paueatque
2445 4231 2506 4285 et
2529 4224 2977 4304 perhorrescat
2999 4225 3512 4288 destructionem.
3539 4228 3838 4286 Preterea

1030 4328 1115 4391 de
1146 4330 1336 4390 rebus
1370 4336 1433 4389 et
1463 4328 1869 4390 facultatibus
1902 4346 1981 4390 ac
2012 4326 2224 4390 fundis
2256 4329 2570 4389 ecclesiae
2596 4331 2653 4388 si
2679 4330 2782 4389 cui
2805 4326 3028 4390 fraude
3051 4329 3156 4389 uel
3176 4332 3400 4410 rapina
3421 4332 3585 4390 inter
3606 4342 3836 4388 manns

1032 4434 1280 4492 uenerit
1310 4434 1475 4492 sciat
1506 4449 1583 4491 se
1613 4437 1925 4491 tantorum
1957 4438 2201 4510 patrum
2240 4430 2790 4492 maledictionibus
2824 4432 3182 4492 obnoxium.
3215 4441 3586 4513 quantorum
3619 4437 3836 4492 aucto·

1031 4536 1319 4597 ritatibus
1353 4540 1607 4617 constat
1633 4534 1842 4595 locum
1874 4552 2031 4595 esse
2061 4552 2176 4614 per
2206 4539 2295 4593 tot
2317 4540 2604 4614 tempora
2634 4532 3086 4595 confirmatum.
3119 4536 3406 4595 Paueant
3435 4551 3591 4613 ergo
3625 4537 3728 4613 qui
3754 4531 3835 4594 de

981 4696 993 4703 ,
1032 4636 1222 4697 huius
1245 4639 1615 4698 monasterii
1638 4637 1831 4699 rebus
1856 4635 2024 4697 etde
2046 4636 2365 4716 stipendio
2388 4636 2648 4697 fratrum
2671 4638 3006 4716 quicquam
3032 4638 3302 4699 tulerint.
3333 4636 3484 4713 quia
3511 4638 3572 4695 si
3603 4635 3836 4695 saluati

1032 4745 1184 4799 sunt
1214 4742 1318 4819 qui
1350 4738 1725 4801 ditauerunt.
1758 4740 2103 4800 manifesta
2130 4747 2236 4801 est
2254 4740 2499 4801 illorum
2520 4738 2801 4819 prodicio
2833 4742 2939 4819 qui
2969 4740 3149 4819 plura
3177 4736 3669 4799 distraxerunt.“
3701 4737 3834 4798 Von
