4821 5976
2175 920 2330 1001 Cap.
2374 920 2478 983 41.
3291 1012 3294 1017 Ι
3593 918 3682 990 91

1059 1088 1163 1150 21.
1194 1066 1381 1149 Huto
1405 1088 1487 1151 de
1508 1089 1841 1154 saxonia
1862 1093 2020 1155 trad.
2044 1110 2159 1155 sco
2182 1092 2336 1156 Bon.
2360 1094 2532 1156 bona
2552 1090 2716 1155 sua
2693 1111 2760 1155 ιιι
2781 1092 3303 1185 Alphei-estete
3337 1108 3484 1155 cum
3503 1101 3682 1153 man-

892 1176 1076 1256 cipiis
1097 1182 1161 1235 et
1190 1174 1459 1237 edificiis
1479 1175 1613 1238 stris.

1059 1266 1163 1331 22.
1194 1269 1513 1331 Thurinc
1558 1278 1623 1331 et
1662 1272 2019 1354 Meginolt
2065 1234 2285 1337 tradid.
2323 1293 2438 1336 sco
2469 1274 2973 1341 Βοιι.1)()ιιιι·1“ιιιι
3010 1275 3076 1335 in
3106 1251 3710 1335 Rumerestleba.¹
3779 1328 3782 1342 ,

892 1362 956 1416 et
984 1354 1391 1439 Tuiflinga.
1422 1357 1613 1437 quod
1622 1366 1729 1419 est
1754 1362 1819 1421 in
1849 1377 2021 1443 pago
2050 1360 2428 1444 Darlinga.
2461 1380 2604 1424 cum
2632 1363 2970 1441 mancipiis
2997 1360 3294 1422 XXXVIII.
3471 1390 3476 1397 ·

1060 1448 1162 1512 23.
1192 1450 1556 1535 Egibraht
1584 1453 1740 1514 trad.
1772 1472 1892 1515 sco·
1920 1456 2073 1517 Bon.
2104 1458 2273 1526 bona
2302 1458 2413 1517 sua
2449 1461 2516 1519 in
2553 1455 2705 1519 uilla
2739 1458 3086 1518 Suilbore
3123 1460 3190 1518 in
3227 1474 3400 1539 pago
3438 1454 3680 1518 Ητὸιι.

1066 1536 1291 1617 (103“’)
1344 1538 1445 1609 24.
1502 1538 1635 1621 Ego
1678 1537 1847 1601 foo
1888 1548 1951 1603 et
1993 1542 2404 1625 Eggibraht
2457 1541 2768 1605 donamus
2809 1550 2873 1604 et
2918 1524 3347 1615 contradimus
3385 1542 3684 1624 quicquid

892 1640 929 1683 e
940 1625 1125 1707 ggib
1140 1624 1303 1685 raht
1332 1628 1577 1688 amicus
1607 1626 1818 1687 noster
1858 1627 2015 1690 trad.
2046 1632 2111 1691 in
2142 1647 2373 1691 manus
2402 1630 2648 1693 nostras
2669 1649 2785 1692 sco
2815 1630 2968 1693 Bon.
2964 1647 3114 1713 pro
3146 1630 3211 1691 se
3243 1637 3308 1692 et
3339 1630 3550 1691 sorore
3572 1630 3685 1690 sua

884 1708 1377 1773 Hiltesuinda.
1410 1716 1477 1773 in
1505 1730 1678 1795 pago
1709 1706 2184 1799 Hardegewe
2214 1735 2431 1779 coram
2459 1718 2742 1781 testibuS.

884 1888 904 1949 ¹
1018 1802 1448 1951 ¹231¹chilo
1480 1814 1545 1867 et
1572 1804 1761 1868 Wito
1792 1807 2011 1871 tradid.
2045 1827 2161 1872 sco
2193 1810 2345 1871 Bon.
2378 1812 2600 1891 predia
2641 1812 2752 1874 sua
2789 1814 2854 1872 in
2895 1772 3309 1873 saxoniam
3341 1808 3493 1873 uilla
3517 1808 3682 1873 Pol-

916 1907 1008 1951 en
1049 1909 1090 1951 e
1147 1910 1205 1951 e.

1059 1982 1161 2046 26.
1194 1986 1331 2070 Ego
1363 1986 1668 2049 Hawart
1697 1988 1778 2050 de
1811 1990 2126 2051 saxonia
2154 1990 2335 2053 trado
2379 2008 2496 2055 sco
2527 1992 2682 2055 Bon.
2723 1993 2894 2053 bona
2937 2009 3084 2052 mea
3125 1992 3193 2051 in
3230 1988 3680 2075 Salzgeuue.

881 2070 1141 2133 Lerim.
1174 2080 1238 2133 et
1268 2074 1621 2135 Gutstete.
1657 2083 1721 2136 et
1749 2079 1813 2137 in
1844 2077 2388 2141 Hetilendorse.
2423 2086 2488 2139 et
2523 2083 2590 2141 in
2635 2078 3056 2163 geizheres.
3090 2096 3234 2139 cum
3262 2077 3600 2193 mancipiis
3619 2084 3686 2139 et

882 2156 1060 2238 prole
1092 2177 1311 2221 eorum
1340 2160 1603 2222 numero
1634 2162 1848 2225 LXXX.

966 2246 975 2256 “
1056 2252 1158 2314 27.
1199 2252 1335 2337 Ego
1378 2253 1555 2316 Boto
1596 2256 1772 2317 trado
1804 2272 1919 2319 sco
1949 2256 2103 2319 Bon.
2134 2254 2350 2339 predia
2388 2277 2536 2320 mea
2580 2262 2645 2321 in
2690 2258 3291 2321 Gundolsesleba.
3325 2266 3388 2319 et
3415 2260 3483 2347 in
3523 2276 3680 2321 wa·

883 2336 1111 2399 chere
1124 2339 1346 2400 slehe
1379 2359 1491 2420 pro
1522 2342 1801 2405 remedio
1834 2346 2043 2406 anime
2072 2362 2216 2406 mee
2248 2352 2309 2421 et
2340 2353 2673 2425 parentum
2703 2363 3004 2407 meorum.

1055 2424 1157 2487 28.
1190 2426 1325 2507 Ego
1356 2426 1567 2489 Buno
1599 2427 1680 2489 de
1710 2430 2024 2491 saxonia
2067 2431 2244 2493 trado
2290 2430 2370 2493 ad
2417 2450 2554 2495 scm
2583 2434 2738 2494 Bon.
2777 2432 2999 2512 predia
3037 2448 3186 2493 mea
3225 2432 3292 2493 in
3322 2431 3462 2494 loco
3494 2430 3682 2494 Gan·

884 2508 1212 2573 desheim
1244 2530 1385 2573 cum
1418 2517 1587 2574 omni
1620 2511 1957 2577 substantia
1988 2523 2051 2577 et
2081 2508 2319 2580 familia
2347 2536 2513 2579 mea.

1054 2604 1159 2667 29.
1195 2606 1435 2667 Altolf
1455 2608 1533 2671 de
1566 2609 1879 2671 saxonia
1908 2609 2065 2672 trad.
2096 2613 2266 2674 bona
2294 2612 2406 2674 sua
2446 2629 2562 2677 sco
2593 2613 2747 2674 Bon.
2780 2571 3098 2674 dimidiam
3136 2619 3381 2693 partem
3423 2619 3685 2692 capture

870 2709 1008 2839 guo
1038 2691 1126 2753 est
1158 2696 1329 2754 circa
1360 2693 1599 2757 fontem
1629 2699 1739 2777 qui
1765 2697 2007 2759 dicitur
2004 2698 2628 2781 Magedcbrunno
2671 2718 2815 2761 cum
2857 2702 3197 2780 mancipiis
3230 2698 3371 2761 .X11.
3405 2705 3469 2759 et
3495 2698 3686 2779 proli-

685 2822 693 2858 ,
922 2795 1001 2839 us
1026 2798 1273 2841 eorum.

1054 2872 1157 2935 30.
1190 2874 1455 2937 Hadolt
1485 2877 1566 2939 de
1610 2878 1943 2944 Saxonia
1972 2880 2130 2946 trad.
2162 2899 2281 2945 sco
2320 2880 2474 2945 Bon.
2506 2880 2728 2965 predia
2758 2882 2918 2944 ma
2897 2900 2966 2941 m
2994 2879 3309 2942 barderi*
3341 2900 3484 2943 cum
3515 2884 3684 2943 omni

756 2963 761 2971 '
877 2962 1242 3044 integritate
1274 2969 1337 3026 et
1364 2967 1765 3044 pertinentia.

1051 3055 1154 3117 31.
1187 3055 1693 3122 Erkanbertus
1726 3081 1844 3140 eps
1876 3063 1957 3124 de
1983 3062 2298 3130 saxonia
2316 3063 2472 3124 trad.
2499 3080 2616 3125 sco
2639 3063 2793 3125 Bon.
2817 3063 3005 3124 uillas
3025 3063 3171 3124 ..IIII
3197 3060 3682 3127 Haselbeche·

882 3141 1577 3207 Hiltwarteshusen.
1623 3147 1999 3208 Gemundi.
2046 3147 2452 3209 Weiseselt.
2493 3167 2637 3209 cum
2685 3148 2926 3210 familia
2965 3157 3028 3210 et
3068 3152 3238 3211 omni
3273 3148 3684 3229 suppellectili

834 3301 849 3318 .
882 3246 1101 3290 eorum
1129 3248 1244 3309 pro
1274 3231 1555 3292 remedio
1588 3235 1798 3294 anime
1831 3234 1957 3294 sue.
1990 3233 2091 3294 Est
2120 3240 2331 3297 autem
2362 3252 2668 3296 numerus
2697 3237 3154 3316 mancipiorum
3195 3252 3321 3314 que
3361 3234 3530 3297 dedit
3557 3235 3684 3296 Er·

876 3313 1301 3464 ξιιὲὼοιωὲ
1304 3335 1469 3484 Ep&-
1462 3335 1577 3379 sco
1608 3318 1761 3380 Bon.
1792 3319 1909 3380 CC.
1912 3319 2060 3381 LIII.
2091 3323 2392 3382 numerus
2415 3321 2701 3385 uillarum
2731 3322 2840 3382 seu
2863 3319 3144 3383 locorum
3163 3319 3362 3382 XXIII.
3387 3321 3688 3384 numerus

920 3419 959 3460 u
1004 3419 1181 3463 arum

1051 3496 1154 3558 32.
1185 3497 1321 3580 Ego
1356 3499 1763 3562 Berenhart
1791 3519 2023 3576 comes
2042 3501 2125 3564 de
2157 3503 2472 3565 saxonia
2501 3503 2680 3564 trado
2712 3501 2794 3565 ad
2823 3519 2962 3566 scm
2989 3473 3145 3563 Bon.
3176 3502 3346 3567 bona
3373 3519 3523 3568 mea
3549 3519 3677 3583 que

880 3584 1016 3644 sunt
1044 3587 1109 3644 in
1140 3588 1429 3648 terminis
1458 3586 1731 3672 Tigildi
1762 3607 1906 3650 cum
1935 3591 2293 3669 mancipiis.
2971 3614 2983 3622 ’
3213 3625 3224 3636 .

1049 3669 1155 3732 33.
1186 3671 1494 3756 Wicger
1538 3673 1619 3734 de
1660 3673 1998 3738 Saxonia
2026 3675 2205 3739 trado
2245 3675 2367 3739 deo
2400 3683 2464 3738 et
2495 3693 2610 3738 sco
2643 3641 2796 3740 Bon.
2827 3677 2998 3737 bona
3024 3692 3173 3737 mea
3199 3677 3266 3739 in
3294 3692 3467 3758 pago
3497 3675 3676 3736 Har-

876 3755 1069 3840 dege
1101 3761 1165 3818 in
1196 3777 1415 3823 marca
1444 3759 1631 3822 ditsu
1644 3769 1773 3823 rte
1804 3761 2259 3826 dimidietatem
2288 3765 2650 3826 substantie.

834 3912 843 3924 ἱ
1051 3843 1154 3904 34.
1186 3844 1322 3927 Ego
1365 3843 1839 3930 Meginbraht
1874 3848 1957 3910 de
2000 3850 2337 3914 Saxonia
2378 3851 2546 3912 dono
2585 3856 2652 3912 et
2686 3849 2865 3912 trado
2904 3867 3020 3912 sco
3050 3833 3204 3911 Bon.
3236 3849 3406 3914 bona
3432 3866 3582 3912 mea
3608 3851 3678 3912 in

730 3966 745 3978 ·
874 3943 1047 4011 pago
1076 3929 1369 4012 Zigilde
1399 3951 1590 3995 unam
1620 3933 1875 3997 hubam.

1058 4016 1216 4092 (104
1221 4019 1276 4097 ⁸)
1317 4017 1421 4078 35.
1452 4019 1587 4101 Ego
1618 4021 1673 4082 H
1684 4021 1963 4105 elmtag
1990 4025 2058 4084 in
2087 4026 2456 4084 memoriam
2484 4022 2703 4084 Berni
2746 4024 2994 4085 comitis
3017 4013 3197 4088 trado
3237 4020 3319 4085 ad
3349 4039 3488 4083 scm
3514 4022 3677 4086 Βοιι.

876 4099 1035 4164 sicut
1058 4102 1192 4182 ipse
1222 4103 1375 4164 mihi
1402 4105 1651 4169 tradidit
1680 4107 1767 4170 X.
1799 4107 2004 4172 hubas
2024 4117 2090 4174 et
2118 4111 2248 4170 vm
2273 4111 2612 4189 mancipia.

1050 4187 1153 4249 36.
1185 4190 1517 4252 Diterich
1544 4193 1701 4256 trau.
1735 4211 1852 4256 sco
1881 4196 2035 4257 Βοιι.
2068 4196 2299 4258 1ιιι1)ιιιιι
2343 4213 2537 4258 ιιιιιιιιι
2578 4193 2642 4256 e't
2669 4213 2862 4257 unam
2891 4194 3192 4257 familiam
3229 4197 3296 4256 in
3335 4191 3485 4256 uilla
3525 4193 3682 4279 fro-j

875 4272 1320 4338 libeshusen.

1049 4360 1153 4422 37.
1186 4361 1439 4423 θοι-161
1482 4362 1639 4428 trad.
1682 4384 1799 4429 nco
1844 4369 1996 4430 Βοιι.
2038 4369 2337 4450 quicquid
2378 4367 2782 4484 proprietatis
2811 4367 3032 4432 habuit
3067 4371 3133 4434 iu
3175 4368 3324 4432 uilla
3363 4367 3702 4452 ditsurtu·

874 4447 1055 4510 iuxta
1082 4446 1340 4511 fluuium
1368 4449 1641 4514 Botum.
1672 4457 1739 4516 in
1770 4472 1941 4538 pago
1971 4455 2494 4539 Hardageuue.

1047 4533 1152 4596 38.
1182 4535 1319 4620 Ego
1349 4536 1600 4600 Benno
1630 4541 1808 4602 trado
1840 4559 1956 4604 sco
1987 4542 2139 4603 Bon.
2172 4542 2343 4604 b'ona
2382 4560 2532 4603 mea
2569 4544 2636 4602 in
2679 4542 2822 4602 loco
2859 4533 3262 4610 Northel'si
3273 4545 3336 4606 in
3379 4537 3670 4603 Gabero

872 4637 1107 4686 marca.

1047 4707 1151 4771 39.
1191 4709 1328 4792 Ego
1374 4710 1635 4773 sorcho
1676 4720 1740 4774 et
1781 4690 2113 4777 Wolsrat
2158 4722 2225 4776 et
2260 4715 2636 4777 Helmunc.
2678 4721 2744 4776 et
2776 4713 3163 4779 Brunhart.
3206 4720 3272 4776 et
3315 4710 3672 4776 Adalhart

872 4783 1189 4944 “aggiluns
1213 4795 1628 4865 hereditatem
1656 4799 2059 4872 Helmexici
2091 4803 2159 4866 in
2186 4801 2470 4885 Zilgide
2511 4801 2592 4867 ad
2631 4819 2770 4868 acm
2798 4799 2954 4866 Bon.
3001 4799 3082 4866 ad
3122 4793 3404 4862 fiildense
3448 4815 3670 4862 mona·

1016 4899 1143 4949 um.

3158 4987 3233 5049 13
