4821 5976
1110 1635 1163 1696 1.
1194 1633 1416 1714 Incipit
1440 1629 1496 1712 1)
1528 1632 1769 1696 cartula
1791 1633 1889 1695 sci
1910 1631 2221 1695 Bonifacii
2260 1631 2339 1710 (1,
2362 1631 2500 1710 ⁷2⁸)
2517 1633 2644 1711 epi.
2666 1629 2749 1692 de
2779 1627 3010 1693 finibus
3029 1634 3097 1690 et
3123 1626 3408 1690 terminis
3423 1625 3725 1690 fuldensis

928 1721 1306 1784 monasterii.
1336 1720 1384 1780 B
1402 1719 1576 1783 onis
1578 1723 1798 1782 acius
1828 1721 2085 1803 legatus
2114 1722 2526 1802 germanicus
2558 1736 2675 1781 sce
2707 1732 2968 1780 romane
2999 1715 3287 1778 ecclesie.
3319 1714 3474 1778 uiris
3493 1715 3716 1796 religi-

930 1807 1056 1870 osis
1096 1827 1173 1870 ac
1203 1808 1389 1869 deum
1416 1808 1801 1869 timentibus.
1832 1808 1899 1867 in
1928 1823 2132 1889 regno
2164 1807 2523 1867 francorum
2554 1803 2922 1865 constitutus
2931 1819 2950 1876 3
2977 1801 3114 1863 Non
3141 1804 3537 1884 incognitum
3583 1801 3718 1862 esse

926 1912 1071 1956 reor
1098 1895 1380 1976 pluribus
1413 1893 1681 1974 qualiter
1710 1911 1747 1956 c
1764 1893 2005 1953 arlom
2022 1910 2219 1952 annu
2236 1893 2269 1950 s
2290 1895 2388 1951 uir
2417 1891 2672 1952 illustris.
2707 1893 2812 1971 qui
2836 1893 2900 1979 in
2931 1906 3134 1971 regno
3157 1887 3518 1950 francorum
3539 1886 3718 1949 simul

924 1999 1072 2042 cum
1123 1997 1431 2063 germano
1460 1979 1591 2059 ,suo
1642 1981 1982 2060 pippino
2024 1978 2394 2039 dominatur.
2441 1978 2652 2039 locum
2683 1979 2752 2036 in
2795 1977 3138 2037 boconia
3171 1974 3332 2038 silua
3373 1981 3588 2054 aptum
3633 1971 3718 2037 ad

921 2067 1366 2140 monasterium
1404 2063 1887 2130 construendum
1916 2065 2101 2126 nobis
2133 2063 2455 2125 concessit.
2503 2071 2566 2123 et
2605 2061 3056 2142 perpetualiter
3096 2057 3296 2124 seruis
3330 2058 3437 2122 dei
3481 2059 3717 2124 condo-

922 2157 1119 2216 nauit.
1160 2153 1309 2216 Ideo
1357 2152 1597 2232 placuit
1632 2152 1820 2212 nobis
1859 2157 1927 2212 ut
1966 2149 2238 2212 eundem
2292 2150 2518 2210 locum.
2565 2150 2836 2229 qualiter
2877 2147 3070 2210 certis
3099 2147 3386 2210 terminis
3416 2146 3705 2208 consistit.

924 2239 1320 2302 adnotemus,
1354 2246 1417 2298 et
1444 2234 1694 2299 idoneis
1715 2235 1973 2298 testibus
2006 2239 2113 2316 qui
2141 2239 2207 2296 in
2238 2234 2504 2316 predicti
2531 2233 2836 2316 principis
2854 2234 3210 2298 traditione.
3257 2241 3324 2296 et
3365 2231 3713 2298 uesticione

922 2325 1119 2406 ipsine
1144 2326 1268 2388 loci
1286 2319 1630 2385 'affuel-unt.
1660 2320 1867 2384 subter
1888 2321 2233 2382 firmemus.
2275 2367 2283 2376 .
2429 2329 2437 2345 “
2641 2330 2649 2340 ·
3691 2356 3698 2366 -

1484 2532 1878 2635 Descriptio
1917 2537 2192 2612 termini
2228 2530 2616 2608 secundum
2643 2529 2822 2607 illud
2859 2541 3159 2634 tempus·

1087 2743 1187 2804 Est
1218 2760 1374 2826 ergo
1406 2747 1712 2809 terminus
1745 2741 2014 2805 ecclesie
2054 2749 2119 2803 et
2154 2742 2518 2805 monasterii
2557 2743 2655 2806 sci
2699 2741 3038 2818 saluatoris
3073 2740 3242 2822 quod
3272 2739 3363 2802 est
3401 2743 3468 2802 in
3497 2740 3706 2804 littore

912 2827 1191 2894 fluminis
1214 2828 1402 2891 fulde.
1435 2831 1704 2910 primum
1736 2833 1803 2891 in
1818 2829 2105 2891 orientali
2119 2829 2316 2912 plaga
2331 2827 2480 2888 fons
2493 2830 2630 2894 riui.
2657 2831 2764 2908 qui
2787 2834 3052 2900 uocatur
3085 2823 3131 2887 C
3149 2845 3228 2894 ru
3243 2829 3360 2889 mb
3374 2847 3411 2888 e
3427 2847 3468 2886 n
3486 2827 3579 2887 ba
3597 2821 3708 2889 ch.

917 2924 984 2979 et
1013 2916 1098 2979 fic
1126 2915 1301 2977 uadit
1320 2922 1434 2997 pei·
1463 2915 1631 2977 Illum
1656 2920 1877 2978 riuum.
1908 2917 2106 2998 usque
2138 2934 2262 2997 quo
2292 2919 2485 2984 intrat
2511 2917 2579 2976 in
2612 2911 2941 2974 australem
2971 2909 3122 2975 hfin
3137 2931 3267 2974 am.
3309 2911 3456 2974 inde
3480 2917 3708 2976 transit

915 2996 981 3066 in
1014 3003 1238 3066 collem
1269 3002 1760 3065 Leohunhov
1772 3023 1837 3089 g.
1887 3004 1995 3085 qui
2026 3022 2064 3064 a
2105 3002 2473 3084 quibusdam
2505 3001 2730 3069 dicitur
2758 2997 3070 3071 ciiffiso.
3104 3008 3168 3061 et
3199 3002 3284 3063 sic
3307 2999 3482 3062 uadit
3509 3001 3707 3082 usque

918 3090 998 3153 ad
1028 3092 1345 3151 introitum
1374 3086 1655 3151 fihtina
1690 3092 1729 3151 b
1748 3090 1786 3151 ὃ,
1804 3090 1941 3152 ech
1964 3088 2049 3150 es
2067 3092 2133 3149 in
2164 3088 2428 3149 alteram
2457 3088 2621 3147 Hun
2639 3105 2773 3148 am.
2815 3084 2968 3148 Inde
2997 3086 3212 3148 transit
3240 3090 3305 3148 in
3337 3093 3528 3167 caput
3566 3089 3706 3147 riui.

917 3179 1027 3257 qui
1066 3184 1330 3237 uocatur
1378 3176 1431 3237 R
1449 3195 1484 3238 o
1500 3176 1539 3237 d
1555 3178 1698 3237 enb
1714 3194 1751 3237 a
1767 3176 1874 3237 ch.
1922 3172 2071 3235 inde
2108 3177 2178 3234 in¹
2222 3180 2414 3253 caput
2459 3172 2850 3233 Wolsesba
2866 3192 2901 3232 c
2917 3192 2951 3233 c
2967 3172 3010 3232 h
3027 3190 3063 3231 e
3083 3174 3125 3233 s.
3171 3178 3236 3232 et
3280 3176 3378 3234 sic
3413 3177 3482 3235 in
3503 3177 3706 3234 riuum

918 3265 1061 3323 eius
1092 3261 1287 3341 usque
1318 3278 1443 3341 quo
1473 3265 1662 3322 intrat
1690 3263 1754 3322 in
1786 3261 1909 3323 bib
1930 3260 2113 3320 erah
2128 3278 2185 3319 a.
2219 3266 2282 3320 et
2311 3276 2428 3339 per
2457 3258 2605 3319 litus
2651 3256 2818 3318 illius
2839 3278 2844 3285 ·
2867 3256 3180 3319 deorsum.
3213 3258 3506 3339 usque-‚in
3538 3262 3707 3320 ostia

914 3348 1447 3409 Larbrunnens
1478 3346 1631 3407 Inde
1660 3346 1835 3408 uadit
1865 3345 1944 3408 ad
1972 3346 2199 3407 locum.
2232 3348 2339 3406 ubi
2373 3345 2531 3406 alter
2562 3342 3134 3407 crumbenbach
3164 3345 3353 3404 intrat
3380 3344 3447 3404 i'n
3475 3342 3706 3405 treis-

890 3436 954 3496 -b
974 3433 1140 3495 ach.
1170 3433 1245 3495 Et
1272 3430 1358 3495 sic
1389 3433 1617 3493 sursum
1649 3452 1765 3514 per
1792 3437 1995 3502 riuum
2026 3429 2726 3493 crumbenbaches.
2757 3430 2956 3510 usque
2995 3432 3058 3491 in
3101 3436 3292 3509 caput
3341 3432 3504 3491 eius,
3550 3428 3707 3509 inde

913 3519 1130 3582 transit
1158 3520 1223 3580 in
1252 3518 1668 3581 summitatem
1697 3518 1747 3580 R
1764 3538 1801 3579 ο
1818 3519 1897 3581 sb
1915 3538 2053 3601 erg
2070 3517 2163 3580 es.
2205 3524 2270 3579 et
2313 3516 2399 3579 fic
2441 3536 2556 3597 per
2597 3516 2831 3578 ficcum
2873 3520 3215 3577 torrentem
3258 3518 3485 3577 iterum
3529 3515 3704 3577 uadit

913 3610 979 3669 in
1004 3606 1311 3670 hunam.
1357 3606 1430 3669 Et
1460 3606 1745 3672 deorsum
1774 3624 1891 3687 per
1918 3606 2066 3666 litus
2100 3608 2264 3667 eius.
2294 3605 2496 3686 usque
2542 3606 2609 3665 in
2649 3604 2806 3664 ostia
2834 3623 2896 3663 m
2915 3602 3081 3664 arth
3101 3602 3342 3664 aches.
3375 3602 3529 3663 Inde
3575 3602 3704 3663 sur-

914 3692 1044 3756 sum
1073 3709 1189 3773 per
1218 3696 1421 3753 riuum
1440 3692 1613 3755 illum
1636 3692 1833 3774 usque
1854 3696 1918 3753 in
1945 3696 2133 3771 caput
2164 3687 2345 3771 (72⁵)
2372 3690 2523 3752 eius.
2548 3688 2715 3751 Jnde
2739 3692 2804 3750 in
2823 3696 3013 3771 caput
3032 3690 3074 3750 b
3088 3708 3124 3750 e
3142 3689 3254 3749 rol
3271 3688 3305 3749 f
3311 3706 3348 3752 e
3365 3688 3438 3750 sb
3452 3704 3491 3748 a
3507 3707 3542 3749 c
3559 3688 3601 3748 h
3619 3686 3703 3749 es.

915 3778 1065 3841 Inde
1096 3778 1269 3841 uadit
1300 3778 1380 3840 ad
1403 3779 1611 3841 locum
1642 3780 1748 3843 ubi
1777 3778 2012 3841 flumen
2042 3776 2303 3839 Lutire
2347 3779 2538 3838 intrat
2565 3776 2886 3837 fuldam.
2917 3776 2990 3836 Et
3019 3776 3104 3837 fic
3135 3774 3366 3836 sursum
3410 3792 3526 3854 per
3569 3772 3710 3835 litus

914 3864 1209 3927 Lutire.
1243 3866 1437 3946 usque
1468 3872 1533 3927 in
1556 3870 1735 3928 ostia
1762 3866 1943 3927 biun
1960 3866 2055 3926 ba
2073 3864 2161 3925 ch
2178 3864 2271 3926 es.
2302 3862 2377 3924 Et
2396 3879 2514 3945 per
2543 3864 2746 3924 riuum
2779 3866 2919 3924 eius
2945 3862 3174 3923 stirsum
3200 3861 3395 3942 usqne
3424 3862 3489 3921 in
3515 3866 3706 3939 caput

917 3953 1079 4013 eius,
1132 3950 1283 4013 Inde
1326 3952 1501 4014 trans
1516 3956 1705 4017 'uiam
1750 3971 1876 4033 que
1918 3950 2141 4013 dicitur
2182 3957 2320 4011 ant
2338 3950 2468 4011 san
2486 3952 2652 4023 uia:
2680 3946 2890 4029 iisque·
2921 3952 2985 4009 in
3045 3953 3216 4009 uiam
3262 3966 3388 4028 que
3437 3952 3706 4008 uocatur

919 4037 1207 4099 ortesw
1225 4039 1313 4099 eh
1330 4057 1385 4101 c.
1418 4037 1569 4100 Inde
1610 4036 1785 4101 uadit
1812 4042 1879 4101 in
1909 4038 2305 4099 uolutabrum
2336 4030 2631 4116 quod'est
2669 4037 2738 4095 in
2787 4040 3000 4096 monte
3044 4038 3153 4115 qui
3179 4033 3422 4095 ¹dicitur
3457 4034 3704 4095 Hime·
3795 4110 3800 4119 ι

851 4166 865 4189 ,
917 4124 1035 4185 les
1040 4123 1297 4187 berch.
1330 4124 1481 4187 Inde
1504 4126 1719 4188 transit
1763 4129 1829 4187 in
1876 4132 2068 4205 caput
2105 4126 2225 4185 riui
2271 4126 2377 4204 qui
2413 4122 2684 4184 uocatur
2721 4121 3312 4184 schalkesbach.
3357 4120 3431 4180 Et
3461 4120 3554 4181 sic
3588 4138 3706 4200 per

914 4212 1044 4273 lius
1077 4214 1239 4272 eiuS.
1270 4210 1467 4292 usque
1500 4202 1624 4293 quo
1656 4217 1843 4275 intrat
1866 4213 1928 4273 in
1955 4210 2262 4273 flieden
2279 4228 2339 4272 a.
2368 4208 2524 4270 Inde
2549 4206 2835 4269 deorsum
2852 4208 3049 4289 usque
3074 4208 3155 4269 ad
3178 4206 3334 4269 ostia
3355 4206 3390 4267 s
3392 4225 3428 4269 c
3447 4224 3609 4268 amu
3625 4226 3699 4267 n-

917 4295 1164 4359 fulde.
1190 4297 1266 4359 Et
1294 4298 1375 4360 ab
1406 4296 1559 4361 ostio
1590 4303 1735 4365 eius
1762 4298 1997 4371 tursum
2026 4296 2225 4377 usque
2248 4314 2375 4378 quo
2412 4298 2425 4313 “
2471 4294 2604 4360 sum
2633 4294 2866 4360 flumen
2913 4293 3208 4357 diuiditur
3235 4297 3301 4370 in
3331 4293 3514 4365 fieta..
3547 4290 3703 4354 Inde

912 4382 1321 4455 transitinter
1346 4384 1560 4453 media
1587 4385 1751 4451 freta
1778 4405 1907 4466 que
1934 4384 2272 4451 nascuntur
2300 4381 2380 4455 de
2459 4383 2678 4455 umine
2699 4380 2875 4443 fuld
2891 4400 2949 4442 a.
2983 4389 3048 4442 et
3071 4375 3160 4443 iic'
3185 4380 3360 4443 uadit
3401 4381 3466 4442 in
3507 4385 3699 4459 caput
3761 4402 3770 4411 ·

912 4473 1031 4537 riui
1074 4473 1181 4549 qui
1228 4468 1455 4539 dicitur
1484 4471 2087 4539 Sudromilbach.
2126 4469 2284 4543 Inde
2320 4472 2535 4551 pergit
2577 4468 2660 4534 ad
2700 4475 2894 4548 caput
2931 4462 3266 4549 supradicti
3303 4466 3497 4531 sontis
3541 4483 3701 4529 cru-

724 4631 736 4643 ·
825 4653 833 4662 .
905 4556 1139 4623 menb
1164 4556 1419 4629 aelios.

902 4716 1203 4735 -κ-μῂ-

1058 4804 1105 4869 ¹)
1146 4806 1375 4878 Buchon.
1402 4811 1512 4862 ret.
1534 4806 1654 4867 335.
