4821 5976
1134 831 1264 894 14⁶
2270 826 2427 909 Cap.
2471 826 2576 889 67.
2609 826 2712 889 68.

1132 1015 1409 1081 uenisset
1436 1016 1547 1095 qui
1575 1012 1725 1075 inde
1754 1012 2016 1075 haberet
2046 1026 2131 1071 ex
2153 1010 2292 1070 iure
2318 1011 2798 1087 querimoniam.
2831 1011 3032 1073 statim
3059 1012 3210 1075 inde
3239 1016 3730 1095 consequeretur
3757 1018 3928 1079 iusti-
3964 1054 3972 1059 -

1134 1106 1301 1166 ciam
1341 1106 1407 1159 et
1434 1096 1943 1161 misericordiam.
1974 1094 2105 1155 Sed
2135 1101 2199 1155 et
2228 1093 2353 1154 hoc
2382 1096 2770 1156 constitutum
2801 1103 2904 1156 est
2935 1115 2974 1157 a
3003 1096 3250 1177 prefato
3282 1100 3529 1161 abbate.
3561 1120 3644 1161 ne
3675 1102 3924 1163 alienus

1133 1187 1385 1251 uillicus
1416 1184 1661 1246 colonis
1690 1183 1816 1243 illis
1846 1180 2277 1261 preficeretur.
2309 1178 2428 1237 nisi
2457 1180 2622 1239 unus
2643 1196 3088 1261 quemcunque
3117 1185 3284 1243 inter
3311 1184 3378 1243 se
3415 1184 3770 1266 elegissent.
3802 1202 3925 1248 nec

1132 1287 1431 1350 umquam
1469 1271 1800 1347 contingat
1840 1264 2105 1326 eosdem
2144 1264 2317 1323 uiros
2352 1262 2540 1323 ullum
2581 1263 2958 1326 aduocatum
2997 1265 3238 1327 habere
3275 1274 3489 1347 preter
3515 1272 3924 1348 principalem

1133 1358 1512 1418 aduocatum
1542 1353 1622 1413 de
1651 1350 1839 1413 domo
1870 1348 2174 1411 fuldensis
2205 1346 2497 1409 ecclesie.
2529 1348 2810 1427 Expletif
2829 1367 2986 1411 uero
3019 1350 3159 1411 .x11.
3185 1353 3374 1413 annis
3395 1352 3492 1413 XX
3533 1354 3774 1433 talenta
3812 1371 3924 1416 an-

1130 1438 1371 1503 nuatim
1400 1436 1779 1516 persoluant.
1812 1444 1877 1495 et
1904 1435 2028 1495 hec
2058 1435 2272 1493 omnia
2299 1432 2366 1491 in
2396 1432 2545 1505 usus
2565 1434 2826 1493 fratrum
2857 1434 3226 1497 fuldensium
3257 1436 3506 1499 cedant.
3533 1439 3770 1499 scilicet
3799 1438 3923 1499 duo

1130 1524 1369 1586 talenta
1399 1522 1481 1583 ad
1510 1520 1740 1601 prefati
1781 1518 2028 1580 abbatis
2062 1516 2558 1578 anniuersarium
2604 1514 3068 1579 celebrandum.
3117 1527 3334 1581 cetera
3377 1540 3533 1581 uero
3575 1521 3656 1582 ad
3683 1522 3925 1585 haben·
4023 1518 4040 1529 '

1132 1608 1501 1671 damcuram
1532 1606 1793 1667 fratrum
1823 1610 1887 1665 et
1918 1602 2320 1662 infirmorum.
2353 1602 2500 1660 Erat
2529 1602 2628 1662 his
2653 1604 3041 1682 temporibus
3071 1604 3267 1665 Fulde
3297 1609 3690 1667 camerarius
3721 1608 3918 1667 Cun-

1128 1692 1364 1754 radus
1394 1693 1653 1752 nomine
1676 1688 1921 1750 eisdem
1944 1686 2305 1747 hominibus
2330 1686 2482 1745 satis
2505 1686 2774 1748 idoneus
2791 1694 2855 1750 et
2877 1696 3123 1769 gratus.
3147 1708 3260 1769 pro
3285 1693 3469 1752 cuius
3492 1691 3924 1753 beniuolentia

1126 1796 1215 1839 ex
1244 1776 1482 1839 domini
1519 1774 1765 1836 abbatis
1798 1778 1867 1833 et
1907 1771 2167 1833 fratrum
2210 1771 2618 1849 permissione
2661 1780 2915 1850 praeter
2957 1773 3200 1835 solitum
3244 1775 3502 1835 censum
3543 1776 3733 1836 etiam
3773 1782 3923 1837 ante

1124 1860 1521 1941 praefinitum
1553 1866 1803 1937 tempus
1836 1855 2163 1937 generalis
2194 1854 2420 1916 census
2449 1858 2514 1915 in
2545 1855 2714 1915 festo
2739 1874 2855 1918 sce
2883 1858 3227 1940 Walpurge
3249 1858 3598 1921 decreuere
3619 1860 3923 1923 talentum

1122 1946 1504 2027 persoluere.
1550 1962 1637 2005 ex
1680 1959 1807 2023 quo
1846 1945 2054 2020 ipsius
2094 1940 2393 1999 fratribus
2432 1941 2668 2001 caritas
2697 1944 2762 2001 in
2793 1941 3130 2003 refectorio
3161 1942 3344 2003 fleret
3375 1944 3466 2004 .11.
3499 1962 3648 2004 non.
3679 1945 3823 2005 Mai.
3857 1951 3923 2004 et

1122 2037 1275 2111 post
1300 2035 1564 2091 mortem
1594 2026 1887 2089 eiusdem
1916 2025 2103 2088 cedat
2130 2028 2197 2085 in
2221 2026 2716 2085 anniuersarium
2739 2026 2956 2104 ipsius.
2981 2025 3351 2089 Hoctutem
3375 2034 3442 2087 ut
3461 2027 3704 2089 firmius
3734 2028 3922 2106 possit

1124 2132 1285 2177 esse
1312 2120 1535 2175 ratum.
1568 2113 1805 2173 domini
1832 2112 2190 2171 Innocentii
2217 2125 2428 2187 papae
2458 2110 2794 2192 priuilegio
2825 2110 3262 2172 confirmatum
3293 2118 3416 2173 est.
3469 2111 3921 2191 obligatusque

1122 2199 1377 2262 uinculo
1409 2200 1699 2279 perpetui
1730 2195 2152 2257 anathematis
2176 2197 2284 2273 qui
2314 2193 2436 2254 hec
2467 2194 2707 2255 uiolare
2737 2195 2844 2255 uel
2871 2202 3116 2256 mutare
3139 2200 3557 2275 temptauerit.
3588 2198 3750 2256 Acta
3772 2202 3924 2257 sunt

1120 2284 1245 2347 hec
1275 2284 1401 2345 kal.
1432 2278 1839 2363 novembr.¹)
1872 2284 1936 2341 in
1968 2279 2373 2341 dedicatione
2412 2278 2718 2339 fuldensis
2759 2280 3052 2341 ecclesie.-
3089 2280 3164 2340 Et
3205 2280 3348 2340 sunt
3385 2279 3449 2340 hi
3485 2280 3690 2341 testes.
3729 2280 3923 2342 Goz-

1119 2386 1377 2431 marus
1407 2366 1783 2429 aduocatum
1814 2366 2033 2425 comes
2056 2362 2544 2425 Goteboldus.
2576 2362 3006 2443 Trageboto
3036 2364 3075 2425 Ι.
3107 2364 3306 2425 etalii
3335 2364 3574 2445 plures.
3816 2386 3830 2393 -

1754 2600 1975 2684 (169)
2034 2596 2159 2667 68.
2196 2592 2301 2665 De
2338 2593 2706 2667 oblatione
2741 2594 3154 2669 warmundi
3168 2596 3264 2677 ²).

1296 2822 1595 2881 Nouerint
1622 2820 1839 2881 cvncti
1868 2814 2093 2878 fideles
2122 2820 2251 2875 tam
2282 2812 2471 2875 futuri
2513 2832 2702 2894 quam
2742 2814 3094 2894 presentes.
3136 2816 3406 2897 qualiter
3443 2818 3929 2881 warmundus

1124 2906 1205 2969 de
1244 2906 1319 2966 Si
1332 2901 1735 2987 gimundes
1772 2904 1869 2961 uir
1911 2902 2109 2961 libere
2148 2898 2531 2960 conditionis
2569 2900 2782 2959 uillam
2829 2900 3146 2979 quandam
3177 2900 3475 2963 Sandes
3496 2912 3922 2984 nuncupatam

1123 3011 1267 3054 cum
1301 2993 1470 3051 omni
1500 2988 1766 3050 utilitate
1797 2988 1926 3048 sua.
1960 2993 2025 3046 et
2053 2984 2326 3066 quedam
2357 2982 2676 3046 beneficia
2707 2986 2818 3045 sua
2847 2990 2911 3046 in
2943 2988 3351 3069 wiggeres.
3385 3007 3525 3048 cum
3557 2988 3660 3048 his
3683 2993 3926 3050 manci-

1121 3079 1247 3158 piis
1270 3074 1715 3137 alexandro.
1746 3077 2188 3153 ingrammo.
2222 3069 2590 3130 almundo.
2629 3069 3125 3132 wolframmo.
3167 3073 3626 3134 warmundo.
3674 3073 3924 3134 Rude-

1127 3179 1333 3244 gero.
1380 3161 1694 3220 Kuniza.
1744 3154 2221 3237 Kunigunda.
2265 3173 2391 3234 quc
2431 3151 2703 3232 possedit
2745 3153 3127 3215 hereditario
3167 3159 3324 3216 iure.
3357 3159 3422 3216 in
3451 3159 3679 3217 manus
3703 3157 3926 3218 Gota-

1126 3245 1334 3307 boldi
1387 3244 1633 3306 comitis
1676 3242 1757 3303 de
1808 3242 2225 3302 Hennenbe
2245 3253 2325 3299 rc
2376 3257 2458 3299 ea
2509 3237 2658 3318 lege
2713 3240 3038 3319 allegauit.
3092 3246 3159 3299 ut
3209 3240 3436 3302 eadem
3487 3241 3802 3303 beneficia
3861 3251 3926 3303 et

1123 3333 1443 3411 mancipia
1476 3329 1556 3390 ad
1586 3329 1784 3390 altare
1816 3329 1915 3387 sci
1942 3325 2260 3385 Bonifacii.
2282 3325 2345 3382 in
2378 3321 2646 3384 fuldensi
2674 3325 3052 3383 monasterio
3083 3341 3194 3402 pro
3236 3325 3516 3386 remedio
3563 3331 3774 3386 anime
3815 3327 3924 3387 sue

1126 3424 1191 3478 et
1219 3419 1551 3497 parentum
1582 3413 1830 3472 suorum
1862 3411 2209 3490 delegaret.
2243 3409 2352 3467 sub
2383 3406 2876 3486 ext-condicione.
2905 3415 2971 3467 ut
2999 3407 3230 3469 fratres
3247 3409 3535 3470 eiusdem
3566 3411 3926 3471 monasterii

1124 3501 1323 3579 ipsum
1365 3503 1431 3559 in
1484 3496 1990 3558 recordationem
2034 3493 2223 3571 plene
2276 3491 2688 3551 fraternitatis
2725 3492 3126 3570 susciperent;
3162 3495 3228 3552 et'
3267 3495 3406 3572 post
3433 3502 3696 3554 mortem
3742 3494 3934 3572 ipsius

1125 3586 1497 3654 memoriam
1546 3583 1671 3660 piis
1702 3597 1919 3640 eorum
1961 3576 2267 3656 precibus·
2299 3570 2552 3634 domino
2591 3573 3127 3636 commendarent.
3167 3577 3361 3636 Porro
3401 3577 3828 3639 Alexandrum
3862 3585 3926 3640 et

1126 3669 1555 3750 Ingrammum
1610 3662 1691 3726 ad
1743 3680 2059 3724 cameram
2114 3660 2360 3721 abbatis
2380 3663 2700 3739 pertinere
2740 3657 3042 3720 decreuit.
3085 3659 3389 3738 reliquam
3437 3679 3590 3722 uero
3623 3661 3926 3724 familiam

1132 3771 1273 3812 cum
1307 3753 1478 3811 omni
1507 3749 1857 3810 redditione
1885 3744 2348 3826 praedictorum
2380 3741 2462 3804 ad
2493 3745 2825 3804 seruicium
2855 3741 3115 3804 fratrum
3147 3743 3494 3828 firmissime
3542 3753 3606 3806 ct
3635 3746 3928 3807 constan·-

1129 3837 1357 3896 tisl'ime
1389 3834 1733 3914 deputauit.
1764 3851 1887 3893 nec
1918 3831 2104 3891 ullius
2138 3829 2432 3890 aduocati
2461 3828 2758 3889 iudicium
2791 3829 3156 3910 sequeretur
3197 3828 3303 3890 uel
3349 3830 3430 3890 ab
3472 3831 3682 3910 aliquo
3734 3831 3926 3892 ullum

1130 3938 1485 4002 grauamen
1514 3925 1853 3998 pateretur.
1886 3915 1989 3976 uel
2021 3917 2315 3995 cuiquam
2348 3911 2668 3974 hominum
2699 3915 2827 3974 nisi
2856 3914 3113 3974 fratrum
3145 3918 3378 3976 nuncio
3420 3915 3811 3977 subderetur.
3853 3912 3928 3977 Et

1131 4005 1180 4065 si
1232 4006 1373 4086 quis
1408 4003 1651 4064 illorum
1694 4003 1805 4062 sua
1848 4003 2068 4080 sponte
2113 4001 2216 4059 uel
2262 3998 2526 4060 coactus
2562 3999 2628 4058 se
2669 4001 2734 4058 in
2777 3999 2944 4059 aliud
2990 4000 3100 4058 ius.
3145 3997 3312 4060 unde
3343 3997 3640 4060 fratribus
3674 4001 3926 4062 alienus

1132 4089 1513 4152 efficeretur.
1558 4087 1853 4150 traderet.
1902 4083 2049 4166 quid
2094 4083 2414 4146 facultatis
2447 4089 2511 4144 et
2555 4083 2958 4162 proprietatis
2991 4083 3330 4163 possideret
3375 4087 3439 4144 in
3480 4087 3629 4145 usus
3667 4083 3926 4145 fratrum

1126 4174 1410 4235 cederet.
1442 4177 1522 4234 At
1551 4192 1706 4234 uero
1738 4169 2210 4233 Goteboldus
2257 4169 2487 4230 comes.
2535 4169 3060 4248 quemadmodum
3105 4167 3424 4247 predictus
3462 4167 3666 4231 fidelis
3703 4176 3928 4231 noster

1131 4278 1197 4320 w
1217 4258 1619 4319 armundus
1642 4263 1708 4320 in
1737 4274 1991 4318 manum
2023 4261 2087 4315 et
2116 4253 2309 4315 fidem
2340 4253 2512 4314 suam
2545 4255 2655 4313 sua
2685 4253 2854 4313 bona
2884 4254 3296 4334 allegauerat.
3333 4255 3417 4314 ita
3459 4262 3522 4314 et
3561 4256 3696 4334 ipse
3737 4254 3925 4316 fidem

1133 4363 1247 4424 per
1278 4347 1488 4404 omnia
1519 4345 1781 4404 seruans
1805 4342 1885 4403 ad
1916 4343 2113 4402 altare
2146 4341 2244 4401 sci
2274 4338 2584 4400 Bonifacii
2613 4337 2896 4420 legitime
2920 4337 3243 4420 delegauit
3267 4357 3348 4399 ea
3372 4339 3748 4401 condicione
3771 4341 3926 4399 sicut

1277 4614 1323 4678 ¹)
1364 4615 1635 4663 Schannat
1670 4617 1811 4662 setzt
1842 4611 1997 4660 hinzn
2024 4621 2163 4658 anno
2198 4609 2468 4666 Mcxxvlz
2509 4609 2642 4658 aber
2677 4609 2727 4658 in
2765 4609 2963 4659 diesem
2995 4609 3158 4659 Jahre
3191 4623 3311 4658 war
3343 4609 3584 4658 Heinrich
3620 4607 3756 4656 noch
3782 4606 3925 4658 nicht

1128 4685 1248 4736 ΔΜ.
1288 4681 1341 4748 ¹)
1369 4683 1628 4748 Pistor-lus
1655 4681 1867 4743 5⁷6,30.
1907 4680 2131 4728 Schann.
2168 4679 2350 4728 tradit.
2372 4677 2490 4726 62⁷.
