4821 5976
1983 895 2135 977 Cap.
2171 895 2274 957 34.
2308 893 2412 956 35.
2562 890 2569 911 “
3535 880 3624 955 '⁶5
3727 957 3736 974 ,

822 1065 1009 1129 Rihb
1024 1046 1155 1144 uprc
1184 1049 1356 1130 dedit
1370 1037 1576 1130 hubas
1592 1065 1681 1128 .11.
1706 1071 1773 1130 et
1794 1067 2023 1148 iugera
2042 1067 2110 1130 X.
2134 1067 2305 1129 Lam
2317 1086 2358 1148 p
2371 1085 2401 1128 ι·
2413 1063 2540 1128 abt
2567 1063 2738 1128 dedit
2757 1065 2906 1126 XXX
2919 1063 3145 1149 iugera
3157 1064 3488 1130 infraXXX
3503 1085 3619 1132 an·

820 1153 1103 1233 nos.(In)
1159 1151 1575 1235 Peltingen
1613 1153 1841 1215 tradita
1890 1155 2025 1216 sunt
2072 1157 2299 1238 iugera
2344 1153 2432 1214 .X.
2478 1151 2645 1215 infra
2683 1153 2830 1214 XXX
2879 1169 3105 1214 annos.
3143 1152 3241 1216 Ad
3286 1154 3622 1218 ecclesiam
3741 1177 3748 1182 ·

640 1329 653 1338 .
756 1255 765 1288 ¹
822 1239 973 1305 data
1010 1239 1149 1300 sunt
1186 1257 1300 1319 pro
1347 1239 1661 1320 sepultura
1701 1241 1929 1323 iugera
1968 1240 2142 1301 v1111.
2177 1248 2241 1302 et
2270 1239 2337 1301 X.
2376 1239 2448 1300 In
2491 1237 2988 1322 Bicbilingen
3025 1238 3276 1300 tradidit
3311 1240 3624 1304 Germar

822 1329 1052 1408 iugera
1076 1325 1201 1388 -xL,
1230 1326 1399 1387 infra
1426 1327 1572 1386 XXX
1602 1343 1837 1388 annos,
1880 1326 1951 1386 In
1981 1326 2430 1388 nortsanere
2469 1323 2639 1387 dedit
2669 1323 2972 1386 Osanna
3015 1328 3244 1407 iugera
3271 1326 3388 1410 XL.
3434 1327 3617 1389 Hel-

684 1427 697 1452 -·
822 1411 897 1474 fe
910 1412 1024 1473 rib
1065 1411 1361 1474 similiter.
1400 1411 1718 1474 Alberih'
1761 1412 2057 1476 similiter.
2102 1412 2501 1474 Ruthwart
2549 1411 2827 1474 similiter
2861 1410 3028 1472 infra
3064 1411 3210 1472 XXX
3254 1430 3482 1475 annos.
3523 1412 3622 1477 Ad

823 1499 1159 1565 ecclesiam
1195 1517 1263 1560 in
1292 1497 1519 1560 eodem
1550 1497 1691 1560 loco
1719 1499 1835 1578 pro
1860 1499 2173 1579 sepultura
2193 1499 2424 1560 tradita
2447 1497 2581 1560 l'unt
2601 1499 2831 1579 iugera
2850 1496 3112 1558 xxx.1n
3143 1498 3622 1562 asolteslebe

821 1585 1193 1647 Trutbere
1222 1583 1471 1648 tradidit
1499 1587 1726 1666 iugera
1752 1585 1869 1646 LX.
1902 1585 2223 1650 German
2252 1587 2483 1667 iugera
2510 1583 2658 1646 vm.
2689 1583 3013 1645 Liuburc
3041 1585 3270 1666 iugera
3296 1584 3393 1647 vl.
3423 1584 3623 1650 Vidua

826 1661 918 1732 vi.
948 1673 1021 1732 In
1058 1669 1617 1734 Tachenbeche
1660 1669 1911 1733 tradidit
1940 1671 2339 1732 Sandarat
2381 1663 2612 1752 iugera
2650 1669 2833 1730 vnn:
2858 1667 2940 1731 ad
2967 1668 3302 1732 ecclesiam
3332 1671 3627 1735 eiusdem
3665 1721 3672 1728 .
3787 1643 3792 1652 ¹

822 1758 948 1818 leci
975 1776 1089 1838 pro
1121 1758 1435 1838 sepultura
1461 1755 1691 1819 tradita
1720 1757 1860 1820 sunt
1886 1759 2117 1840 iugera
2150 1756 2326 1818 XXVI
2369 1755 2535 1818 infra
2577 1755 2780 1818 annos
2799 1755 2968 1816 XXX.
3011 1756 3146 1817 Hec
3191 1760 3405 1821 omnia
3446 1755 3622 1820 simul

826 1833 1123 1924 compufa
1154 1843 1309 1905 fiunt
1350 1847 1581 1928 iugera
1617 1843 1789 1905 mille
1828 1843 2105 1906 ducenta
2152 1843 2578 1926 quadraginta
2613 1841 2727 1906 sex
2757 1860 2884 1925 que
2913 1860 3029 1923 pro
3065 1841 3373 1907 solutione
3401 1843 3631 1907 census

820 1933 987 2014 regii
1016 1930 1209 1994 debiti
1237 1928 1387 1992 data
1416 1929 1555 1992 sunt
1582 1929 1849 1994 fuldensi
1879 1929 2147 1994 ecclesie
2176 1933 2242 1992 in
2270 1930 2595 2012 Turingia.

1180 2136 1358 2220 (57¹³)
1404 2137 1528 2210 35.
1566 2135 1905 2211 Tradieio
1942 2135 2210 2212 census'
2234 2136 2323 2211 de
2357 2087 3124 2236 fingulis'regionibuss'
3164 2131 3224 2216 ι)

997 2341 1272 2406 Traditio
1304 2343 1411 2406 dni
1438 2333 1535 2404 Lu’
1552 2343 1836 2406 dowici
1865 2343 2287 2426 gloriosissimi
2317 2350 2510 2424 atque
2539 2344 2790 2424 piissimi
2813 2325 3222 2424 imperatoris.
3252 2341 3438 2423 super
3465 2361 3622 2426 que·

832 2429 978 2492 dam
1006 2431 1151 2492 loca
1180 2448 1306 2511 que
1336 2436 1463 2490 tam
1502 2429 1635 2508 ipse
1676 2445 1867 2508 quam
1904 2431 2207 2508 parentes
2241 2435 2307 2491 et
2346 2432 2780 2492 antecessores
2803 2433 2945 2491 eius
2991 2429 3187 2510 reges
3207 2435 3272 2489 et
3298 2432 3623 2510 principes

756 2513 762 2522 '
825 2517 1259 2595 preclarissimi
1290 2514 1675 2576 tradiderunt
1703 2512 1852 2576 huic
1882 2513 2150 2584 fuldensi
2178 2516 2558 2576 monasterio
2603 2523 2668 2577 et
2712 2531 2829 2576 sco
2859 2513 3187 2576 Bonisacio
3209 2515 3526 2596 -arcbiepo
3559 2523 3626 2578 et

820 2603 1080 2664 martiri.
1114 2602 1443 2662 Constituit
1485 2601 1613 2661 suis
1648 2603 2036 2681 temporibus
2071 2620 2193 2662 rex
2228 2608 2293 2662 et
2334 2603 2680 2681 imperator
2719 2600 3105 2663 Ludewicus
3145 2600 3332 2681 super
3370 2619 3625 2665 omnem

821 2686 1123 2753 familiam
1168 2689 1265 2748 sci
1293 2685 1605 2749 Bonifacii
1643 2704 2027 2769 quacunque
2057 2695 2359 2750 terrarum
2390 2687 2552 2749 locis
2587 2689 2724 2748 sunt
2754 2688 3010 2748 censum
3052 2686 3446 2776 constitutum
3477 2689 3631 2750 uiris

820 2792 1040 2838 eorum
1061 2773 1327 2836 soluere.
1344 2780 1408 2834 et
1428 2772 1681 2854 insuper
1700 2781 2041 2856 antequam
2059 2774 2137 2836 ad
2154 2774 2299 2834 XXX
2313 2774 2518 2834 annos
2529 2776 2923 2854 perueniant.
2947 2771 3011 2834 id
3032 2774 3124 2833 est
3149 2791 3338 2854 quam
3361 2774 3622 2838 nubant.

821 2866 890 2923 ut
922 2861 1165 2922 soluant
1192 2860 1261 2921 se
1292 2879 1331 2922 a
1361 2859 1704 2922 cottidiano
1735 2861 2022 2923 seruicio.
2056 2861 2224 2942 quod
2254 2860 2572 2923 debebant
2599 2863 2780 2943 regie
2809 2862 3130 2921 maiestati
3169 2867 3513 2943 antequam
3543 2859 3624 2924 ad

820 2946 1001 3009 usum
1046 2947 1509 3028 seruiciumque
1557 2949 1934 3010 monasterii
1995 2945 2298 3011 fuldensis
2344 2945 2756 3011 traderentur.
2801 2945 3035 3007 Eodem
3093 2964 3347 3027 quoque
3401 2947 3621 3012 ordine

818 3053 949 3097 non
988 3034 1184 3095 solum
1212 3036 1279 3101 in
1316 3033 1718 3116 thuringia
1762 3040 1827 3095 et
1866 3035 2190 3097 saxonia
2236 3034 2341 3095 sed
2388 3036 2580 3095 etiam
2623 3036 2688 3094 in
2734 3033 2966 3094 ceteris
2999 3035 3373 3115 regionibus
3405 3052 3620 3097 coram

816 3119 1101 3201 predicto
1130 3122 1417 3199 principe
1444 3118 1810 3181 Ludewico.
1837 3120 1901 3181 id
1924 3120 2016 3179 est
2039 3122 2103 3179 in
2134 3118 2694 3187 locisBoioarie.
2728 3118 3036 3179 Sueuie.
3070 3118 3354 3181 Hassie.
3386 3116 3621 3183 Fran-

821 3207 993 3267 coni
1011 3224 1049 3267 e
1077 3205 1443 3287 uectigalia.
1476 3205 1717 3265 census.
1750 3204 2019 3265 seruicia
2049 3211 2113 3266 et
2136 3204 2594 3267 decimationes
2609 3204 3022 3273 confirmatae
3045 3204 3204 3265 sunt.
3230 3212 3293 3267 et
3315 3210 3619 3288 precipue
3729 3251 3745 3293 .‘

818 3294 885 3353 in
926 3291 1453 3353 wormacense
1495 3296 1558 3351 et
1589 3292 1909 3365 rinense
1948 3294 2143 3373 pagis
2186 3298 2252 3353 et
2289 3294 2355 3353 in
2394 3290 2842 3352 wetereiba.
2897 3290 3234 3352 Commissa
3275 3292 3366 3351 est
3411 3300 3623 3354 autem

819 3379 1074 3439 exactio
1122 3375 1349 3439 census
1385 3379 1493 3458 qui
1534 3378 1760 3440 statuto
1805 3382 2091 3457 tempore
2135 3378 2215 3439 de
2269 3376 2508 3440 familia
2551 3380 2652 3441 sci
2679 3375 2990 3438 Bonifacii
3032 3376 3112 3437 ad
3164 3381 3622 3441 monasterium

819 3462 1239 3525 deferebatur.
1284 3464 1348 3524 in
1388 3464 1921 3525 wormacense
1970 3471 2037 3525 et
2085 3464 2422 3547 Rinense
2463 3481 2634 3547 pago
2678 3462 3128 3525 Adelbelmo
3181 3461 3515 3528 aduocato.
3552 3468 3620 3529 in

815 3550 1248 3611 wetereibo
1280 3548 1657 3610 Geltrado.
1694 3556 1757 3610 et
1785 3550 2221 3612 Werdanto.
2253 3557 2316 3611 et
2348 3550 2773 3611 Berhtrato.
2805 3550 2874 3611 In
2905 3567 3370 3633 moyngewe
3399 3550 3621 3613 Folcs

816 3634 1083 3698 nando.
1114 3638 1179 3697 in
1209 3635 1690 3719 logengewe
1732 3636 2171 3699 waltberto.
2204 3628 2399 3716 (58⁸)
2439 3640 2504 3699 in
2533 3634 2792 3697 Hassis
2829 3634 3240 3696 Gerhardo.
3286 3638 3352 3696 in
3399 3636 3620 3698 Sale-

814 3740 1041 3804 gowe
1072 3721 1569 3805 Reginharto.
1598 3725 1667 3783 in
1699 3714 2038 3785 Grasfelt
2074 3722 2470 3805 Ruggero.
2530 3723 2692 3784 Acta
2737 3723 2830 3783 est
2870 3721 2992 3783 bec
3022 3722 3412 3785 confirmatio
3445 3723 3620 3785 deci-

812 3827 1055 3869 marum
1102 3815 1165 3869 et
1203 3807 1518 3888 dispositio
1564 3806 1793 3870 census
1826 3810 2255 3890 uectigalium.
2305 3816 2370 3869 et
2415 3810 2633 3871 solutio
2676 3810 3078 3871 seruiciorum
3125 3808 3204 3869 de
3247 3808 3486 3871 familia
3516 3812 3617 3873 sci

816 3893 1122 3956 Bonisacii
1153 3892 1361 3955 ubiuis
1382 3902 1687 3955 terrarum
1732 3901 2163 3957 commorante
2200 3895 2304 3957 uel
2348 3895 2692 3957 habitante.
2735 3898 2928 3955 immo
2975 3901 3039 3967 et
3080 3893 3373 3975 scriptum
3411 3914 3618 3957 reme·

814 3981 1186 4043 motationis
1209 3984 1405 4042 totius
1449 3981 1701 4042 abbatie
1730 3980 2045 4044 fuldensis.
2078 3982 2609 4044 concordantibus
2642 3982 2976 4063 episcopie.
3007 3982 3370 4045 monachis:
3394 3986 3618 4062 princ-z

815 4068 1003 4146 pibus
1029 4072 1219 4147 atque
1244 4063 1579 4128 comitibus
1604 4067 1789 4147 super
1812 4071 2221 4129 attestatione
2247 4067 2697 4130 aduocatorum
2720 4070 2784 4129 in
2807 4068 3042 4148 palatio
3073 4066 3212 4151 Ing
3229 4068 3297 4128 el
3313 4070 3455 4131 enh
3471 4072 3615 4131 eim

815 4157 1113 4214 uocitato.
1162 4170 1329 4214 anno
1372 4152 1557 4215 dnice
1588 4154 2046 4216 incarnationis
2067 4154 2287 4217 DCCC.
2318 4154 2592 4215 LXXIIII.
2625 4154 2967 4215 indictione
3000 4154 3141 4215 ‚VIL
3186 4154 3520 4235 Regnante
3552 4161 3634 4233 οι.

813 4242 1188 4319 imperante.
1233 4246 1425 4319 atque
1466 4238 1587 4301 hec
1630 4243 1843 4301 omnia
1888 4241 2258 4329 disponente
2300 4240 2554 4302 domino
2597 4240 2946 4303 Ludowico
2989 4238 3377 4303 serenissimo
3420 4247 3616 4322 atque

812 4327 1083 4406 piissimo
1120 4328 1525 4405 imperatore.
1570 4344 1737 4387 anno
1769 4330 1955 4411 regni
1996 4330 2139 4389 eius
2180 4327 2344 4387 XXX.
2376 4327 2526 4388 vm.
2570 4326 2678 4389 sub
2722 4326 2827 4388 die
2859 4327 2956 4387 XV
2987 4325 3398 4391 kalendarum
3429 4327 3610 4391 Iunii.
3739 4388 3750 4401 ,

732 4412 737 4425 ’
813 4412 1083 4495 Signum
1115 4410 1220 4473 dni
1244 4410 1581 4475 Ludowici
1608 4411 2028 4495 gloriosissimi
2060 4420 2251 4496 atque
2280 4412 2532 4494 piissimi
2561 4415 2962 4493 imperatorie
2995 4418 3254 4496 augusti
3275 4409 3364 4493 ²).

958 4591 1007 4657 ¹)
1034 4592 1127 4642 Die
1150 4594 1517 4659 vollstandige
1542 4592 1793 4644 urkunde
1817 4596 1959 4644 steht
1981 4594 2036 4644 in
2060 4596 2159 4644 dci·
2178 4594 2460 4644 Dioeeeais
2475 4609 2526 4657 p.
2541 4594 2657 4643 239.
2698 4592 2752 4659 ¹)
2781 4594 2889 4644 Ans
2915 4596 3034 4644 dem
3048 4594 3322 4659 originale
3343 4594 3440 4643 der
3457 4594 3606 4643 voll-

812 4662 1097 4728 standigen
1130 4662 1381 4712 Urlmnde
1414 4662 1551 4713 habe
1584 4663 1674 4712 ich
1707 4664 1791 4713 die
1826 4666 2023 4714 Zablen
2056 4664 2127 4714 im
2158 4664 2369 4723 Datum,
2409 4664 2516 4714 νίς
2547 4664 2630 4714 sie
2660 4664 3040 4729 urspriinglicli
3071 4662 3609 4727 niedergeacbrieben

812 4745 1015 4794 waren,
1040 4731 1351 4796 belgeaetzt.
1378 4732 1471 4781 Bei
1496 4734 1615 4781 dein
1634 4732 2117 4798 Reglerungejabre
2136 4734 2255 4783 sind
2272 4734 2327 4783 in
2348 4736 2446 4789 det
2463 4724 2716 4784 lli-kunde
2741 4734 2826 4783 die
2849 4734 3040 4783 beiden
3065 4733 3266 4783 Ietzten
3289 4731 3448 4781 Einer
3469 4744 3604 4783 aus-

813 4800 985 4851 radirt
1006 4802 1113 4849 und
1138 4812 1197 4850 ee
1221 4802 1363 4851 steht
1378 4802 1519 4863 Jetzt
1531 4800 1671 4851 XXX.
1692 4802 1777 4865 VI,
1796 4803 2002 4852 welche
2026 4800 2156 4853 Zabi
2178 4802 2450 4852 Sobannat
2465 4804 2560 4852 liat
2577 4802 2890 4853 abdruoken
2911 4804 3110 4851 lassen.
3135 4801 3214 4849 In
3238 4803 3411 4850 codex
3433 4800 3601 4873 Eber-

748 4938 753 4945 Ι
811 4870 965 4922 bardi
1006 4872 1113 4919 und
1154 4872 1347 4923 descen
1390 4866 1553 4936 Copi‘e
1601 4874 1744 4923 steht
1784 4871 1870 4923 die
1909 4871 2137 4937 ricbtige
2176 4872 2310 4925 zahl
2347 4872 2608 4923 xxxvm.
2655 4871 2914 4936 Dagegen
2945 4870 3225 4920 schreiben
3259 4870 3440 4921 beldet
3474 4883 3525 4923 a.
3551 4872 3602 4922 d.

3134 4939 3174 5002 9
