4821 5976
1153 868 1286 955 12⁰
2408 866 2566 949 Cap.
2603 866 2705 930 43.

1034 1101 1039 1108 .
1156 1060 1285 1124 que
1316 1038 1399 1103 ad
1428 1040 1591 1103 duas
1624 1040 1979 1103 camisiales
2000 1040 2191 1101 limi·
2224 1038 2354 1101 dat.
2383 1046 2450 1101 et
2481 1042 2546 1103 .1.
2577 1008 2900 1120 paltenarn
2941 1044 3006 1101 et
3048 1038 3134 1100 .V.
3179 1038 3428 1103 modios
3469 1059 3699 1106 auene.
3737 1042 3964 1110 Adhee'
4059 1022 4066 1027 ’

1151 1129 1292 1190 sunt
1321 1128 1438 1189 XV.
1471 1128 1681 1189 eoloni
1710 1130 1819 1209 qui
1847 1126 2115 1188 reddunt
2142 1126 2466 1189 denarios.
2498 1126 2664 1188 Mola
2693 1128 2758 1187 .1.
2791 1126 2870 1188 ad
2911 1127 3188 1188 censum.
3231 1126 3536 1191 Beneficii
3566 1130 3704 1192 sunt
3730 1132 3958 1197 XXIIII.

1022 1250 1033 1260 ·
1151 1214 1320 1281 hube
1344 1223 1408 1275 et
1428 1233 1556 1275 una
1578 1214 1657 1277 de
1678 1212 1975 1276 selauis.
2003 1212 2127 1274 due
2142 1213 2526 1275 molendine.
2542 1214 2802 1275 Summa
2829 1214 3146 1274 seruorum
3166 1214 3398 1275 census
3404 1216 3741 1278 .C.XXVIII.
3757 1209 3958 1283 solidi.

1328 1300 1431 1363 28.
1464 1302 1533 1361 In
1564 1300 1953 1362 Seleheim
1986 1300 2107 1361 .ΠΙ.
2126 1290 2470 1361 ‘territoria
2499 1299 2611 1361 lidi
2641 1299 2884 1361 XXXVI.
2917 1306 2981 1361 et
3021 1300 3146 1361 alie
3173 1300 3344 1362 hube
3371 1302 3439 1363 X.
3473 1298 3960 1368 eum'tridnano

1150 1389 1439 1451 seruieio.
1469 1387 1595 1448 mol
1624 1388 1745 1447 .III.
1776 1386 2056 1448 Ecclesia
2084 1406 2229 1448 enm
2258 1386 2538 1447 decimis.

1333 1472 1552 1553 (137⁸)
1593 1472 1797 1534 29.1n
1827 1472 2194 1535 Fliedena
2237 1472 2343 1533 lidi
2382 1473 2560 1533 XIIII.
2596 1480 2659 1535 et
2701 1472 2900 1533 XXIII.
2942 1472 3214 1533 triduani
3243 1472 3497 1537 seruitii.
3539 1474 3961 1541 steinbach

1152 1562 1321 1639 hube
1352 1559 1441 1621 .V.
1474 1558 1743 1622 Selaui
1770 1560 2017 1621 XXXIII.
2036 1559 2253 1621 Coloni
2284 1558 2462 1621 VIIII.
2485 1558 2650 1622 Male
2671 1560 2772 1619 111.
2803 1559 2876 1619 Et
2907 1558 3030 1621 alie
3061 1558 3248 1623 hube'
3261 1560 3452 1641 plene
3479 1562 3598 1623 XX.
3621 1562 3754 1625 XIII
3783 1564 3962 1627 dimi-

1152 1648 1275 1710 die.
1306 1646 1698 1709 Beneficium
1729 1645 1997 1707 Gebbe.
2028 1645 2136 1707 lidi
2163 1647 2265 1707 111.
2299 1653 2363 1706 et
2394 1646 2518 1707 alie
2547 1646 2618 1707 11.
2651 1644 2798 1707 mol.
2829 1646 2873 1706 Ι.

1325 1732 1428 1794 30.
1462 1734 1531 1793 In
1562 1732 1753 1793 Bere
1768 1732 2085 1793 seiezen
2115 1731 2291 1793 LXVI
2318 1731 2490 1793 hube
2513 1733 2672 1795 sunt.
2695 1732 2956 1793 Summa
2978 1732 3386 1794 eamissalium
3407 1736 3474 1795 in
3495 1734 3536 1795 b
3553 1735 3963 1800 erseiezen

1146 1820 1372 1884 ‚.C.XX.
1404 1819 1499 1881 Ex
1530 1818 1629 1880 hir
1650 1818 1845 1881 habet
1872 1818 2059 1879 Duto
2105 1819 2203 1880 XX
2244 1821 2470 1881 camis.
2501 1827 2568 1879 et
2611 1822 3002 1881 camerarius
3034 1818 3132 1879 XX
3161 1824 3384 1899 earnis,
3417 1827 3483 1881 et
3511 1832 3844 1885 remanent
3873 1825 3963 1887 J..

1158 1908 1254 1969 Ex
1284 1906 1384 1968 his
1405 1906 1563 1966 XIIII
1594 1905 1675 1967 ad
1704 1903 2010 1985 hospitale
2048 1924 2397 1985 pauperum
2431 1906 2676 1969 soluere
2717 1904 2970 1967 debent.
3015 1904 3089 1965 Et
3125 1904 3242 1966 XX.
3287 1910 3510 1970 earnis.
3557 1908 3972 1989 Eppelinus

1155 1994 1365 2056 habet.
1398 1993 1471 2053 Et
1498 1999 1832 2053 remanent
1858 1992 2005 2053 X-VI.
2038 1992 2405 2057 eamifiales.
2437 1991 2536 2054 Ad
2579 1990 2826 2053 missam
2870 1994 2972 2055 sei
3009 1992 3260 2054 Martini
3289 1994 3622 2055 uoluuntur
3650 1998 3718 2056 in
3744 1995 3966 2059 Bers-

1157 2084 1429 2143 eiezen
1462 2096 1503 2139 a
1532 2081 1687 2139 uiris
1716 2078 2041 2140 LXXXIIII.
2072 2079 2140 2140 V.
2170 2079 2413 2141 talenta
2442 2078 2862 2140 denariorum.
3279 2144 3294 2167 Ι
3391 2114 3396 2121 -

1326 2166 1428 2228 31.
1458 2166 1529 2226 In
1562 2164 1913 2227 Owilaha
1942 2165 2115 2225 XXVI
2146 2172 2297 2227 sunt
2323 2164 2494 2227 hube
2526 2183 2652 2246 que
2683 2164 2932 2225 soluunt
2961 2182 3105 2225 eum
3133 2166 3357 2244 porcis.
3385 2172 3450 2227 et
3479 2184 3622 2228 eum
3645 2169 3874 2231 ouibus
3895 2175 3965 2231 et

1152 2257 1408 2335 pannis.
1439 2253 1599 2315 Sunt
1630 2258 1842 2313 autem
1873 2251 2126 2332 insuper
2163 2251 2434 2313 xxxm.
2467 2256 2576 2332 qui
2619 2250 2950 2313 denarium
2994 2251 3260 2313 soluunt.
3293 2258 3359 2315 et
3395 2252 3550 2313 XVII
3594 2254 3962 2318 eamifiales.
4089 2260 4104 2273 ’

1153 2342 1413 2402 Summa
1440 2340 1769 2400 mansuum
1800 2338 1948 2399 olim
1976 2342 2043 2400 in
2072 2338 2459 2400 seleheim
2490 2336 2746 2399 fuerunt
2772 2337 3020 2399 LXXIII.

1328 2426 1432 2486 32.
1464 2425 1558 2488 Ad
1584 2442 1902 2486 eameram
1928 2426 2175 2487 abbatis
2188 2428 2463 2505 pertinet
2483 2424 3062 2487 istud-breuiarium.
3081 2424 3171 2484 De
3193 2442 3420 2507 wege
3433 2424 3511 2487 fu
3525 2433 3590 2488 rt
3605 2446 3662 2489 e.
3685 2427 3962 2490 XLVIIII.

1156 2512 1520 2575 eamifialia.
1552 2512 1645 2575 De
1678 2511 1891 2573 Cella
1918 2510 2192 2572 XXVIIII.
2226 2514 2450 2573 camis.
2496 2511 2588 2571 De
2631 2511 3014 2574 Seleheim
3053 2510 3205 2570 XXII
3235 2513 3458 2573 camis,
3490 2513 3582 2574 De
3610 2512 3963 2575 Berseie-

1156 2618 1304 2660 zen
1334 2598 1553 2659 XXXII.
1586 2598 1677 2658 De
1714 2598 2096 2659 Biberaha
2123 2597 2348 2658 XXIIII.
2395 2598 2488 2657 De
2527 2596 3108 2659 Frichenhusen
3141 2597 3228 2658 .X.
3257 2598 3349 2659 De
3395 2598 3587 2659 Rore
3632 2599 3971 2663 mmm.-

1125 2686 1249 2747 -De
1279 2686 1719 2766 Hentingen
1748 2684 1969 2743 XXXII.
2000 2683 2093 2745 De
2130 2683 2690 2747 Hamelenbure
2720 2684 3018 2745 XXXVIII.
3064 2685 3156 2744 De
3187 2684 3573 2767 Tiningen
3603 2685 3824 2747 LXVII.
3871 2686 3964 2749 De

1156 2770 1437 2832 Lutera
1465 2769 1662 2830 XVIII.
1704 2770 1797 2830 De
1838 2767 2129 2831 Owilah
2168 2770 2335 2832 XXX.
2364 2770 2460 2831 De
2497 2770 2873 2853 Ageeella
2913 2770 3132 2831 XXXII.
3177 2770 3270 2831 De
3309 2770 3671 2851 Geysaha
3710 2772 3828 2834 LX.
3869 2772 3964 2835 De

1158 2858 1361 2939 Span
1381 2858 1499 2919 ela
1528 2856 1755 2918 XVIIII.
1796 2856 1886 2917 De
1916 2856 2281 2917 Hunefelt
2309 2857 2632 2918 LXXVIIII.
2673 2858 2766 2921 De
2803 2856 3108 2919 Rastorf
3133 2856 3220 2918 .L.
3272 2856 3364 2918 De
3407 2856 3801 2939 Heringen
3839 2860 3963 2923 XII.

1156 2945 1249 3006 De
1284 2943 1755 3026 Gerstungen
1783 2942 1880 3004 LX
1911 2946 2135 3006 camis.
2154 2950 2220 3005 et
2248 2944 2478 3006 XXVIII
2507 2944 2698 3026 palte.
2730 2944 2822 3006 De
2854 2943 3284 3027 vargalaha
3313 2944 3475 3006 .XLl.
3500 2950 3567 3007 et
3592 2944 3680 3007 .V.
3711 2964 3964 3028 mappa.

1156 3034 1249 3093 De
1278 3031 1543 3114 Hagen
1572 3030 1766 3092 XCVI.
1794 3036 1857 3092 et
1877 3032 1932 3090 11
1960 3047 2211 3114 mappe.
2236 3038 2302 3094 et
2324 3032 2447 3093 .111.
2475 3031 2876 3094 lectisternia.
2906 3032 3000 3093 De
3030 3031 3365 3092 Salzaha
3391 3032 3718 3094 XXXVIIII.
3740 3037 3963 3098 camis.

1156 3119 1251 3180 De
1281 3118 1727 3194 Abbetrode
1757 3117 1875 3179 XL.
1908 3120 2131 3179 camis.
2162 3118 2255 3179 De
2283 3117 2573 3180 Westra
2600 3118 2718 3180 XL.
2751 3122 2976 3180 camis.
3009 3124 3074 3178 et
3101 3117 3200 3178 XX
3229 3135 3416 3200 saga.

1338 3202 1561 3283 (137⁶)
1601 3204 1703 3266 33.
1733 3205 1805 3266 In
1834 3205 2364 3267 Luterenbaeh
2396 3206 2542 3266 .ΠΠ.
2573 3207 2906 3266 territoria.
2951 3205 3060 3266 lidi
3098 3203 3314 3266 LXXV.
3348 3206 3677 3289 saginatos
3707 3223 3964 3287 porcos.

1159 3291 1388 3375 singuli
1430 3310 1710 3372 pannum
1754 3309 1841 3352 ex
1883 3294 2134 3373 proprio
2180 3291 2307 3352 lino
2348 3291 2642 3371 exeeptis
2675 3292 2842 3352 XXV.
2876 3309 3142 3372 quorum
3187 3292 3450 3372 quisque
3480 3309 3673 3354 unum
3703 3309 3967 3372 pereum

1156 3378 1514 3462 saginatum
1545 3387 1609 3440 et
1637 3396 1917 3458 pannum
1948 3397 2035 3439 ex
2064 3381 2314 3459 proprio
2344 3377 2472 3438 lino
2505 3384 2570 3438 et
2597 3376 2798 3437 LXXV
2837 3395 3019 3438 oues,
3064 3378 3323 3457 Insuper
3351 3377 3450 3440 XX
3489 3379 3656 3440 hube
3687 3379 3972 3462 singular

1158 3467 1331 3528 oues.
1374 3472 1439 3526 et
1480 3465 1765 3546 lingulas
1804 3482 2055 3538 pannos
2102 3483 2187 3526 ex
2222 3467 2476 3544 proprio
2515 3463 2646 3525 lino
2688 3482 2832 3525 eum
2871 3463 3162 3526 triduano
3209 3465 3480 3526 semitio.
3528 3465 3747 3526 Coloni
3793 3466 3962 3528 .VIII.

1160 3553 1449 3636 singulos
1476 3551 1691 3614 boues.
1723 3551 1795 3611 Et
1824 3549 2078 3631 insuper
2098 3551 2214 3611 .ΠΙ.
2232 3551 2444 3612 coloni
2473 3549 2705 3632 singuli
2736 3551 2827 3612 .11.
2861 3551 3030 3610 oues.
3061 3549 3135 3609 Et
3163 3549 3291 3611 IIII.
3323 3549 3534 3611 eoloni
3563 3551 3790 3631 linguli
3819 3568 3962 3631 por-

1026 3695 1033 3702 .
1161 3657 1306 3701 eum
1334 3639 1711 3718 saginatum.
1744 3635 1999 3698 Selaui
2032 3637 2193 3698 .XX1.
2226 3637 2456 3719 singuli
2485 3637 2680 3699 linum
2711 3635 2792 3698 ad
2816 3636 2906 3697 .11.
2939 3653 3213 3716 pannos.
3237 3635 3536 3698 Tibutarii
3554 3635 3720 3697 XXV.
3745 3637 3966 3700 Eccle-

1160 3725 1251 3785 sle
1283 3725 1401 3785 .111.
1434 3741 1577 3785 eum
1608 3723 2031 3786 decimatione
2061 3730 2127 3785 et
2156 3742 2301 3786 eum
2330 3719 2580 3786 duabus
2609 3723 2818 3785 hubis.
2841 3723 3086 3812 nom.
3117 3722 3378 3784 nonalia
3407 3721 3496 3783 .V.
3519 3723 3777 3786 censum
3806 3723 3964 3786 dan-

1138 3817 1284 3882 ,tes,
1316 3811 1576 3871 Summa
1605 3809 1861 3871 .C.XXV.

1334 3895 1438 3958 34.
1470 3896 1541 3955 In
1572 3893 1667 3975 Sp
1682 3896 1903 3956 anelo
1938 3897 2003 3957 .l.
2033 3899 2431 3958 territorium.
2470 3896 2608 3958 Lidi
2638 3896 2838 3957 XVIII.
2879 3895 3164 3978 singulos
3204 3894 3449 3975 porcos.
3489 3894 3774 3978 singulos
3803 3913 3964 3976 pan-

1160 3983 1282 4044 nos
1306 4001 1393 4044 ex
1420 3984 1671 4063 proprio
1702 3983 1851 4043 lino.
1874 3982 2143 4062 Insuper
2176 3985 2293 4044 .111.
2327 4001 2595 4063 quorum
2633 3983 2897 4064 quisque
2940 3982 3004 4044 .1.
3033 3999 3296 4062 porcum
3337 3989 3402 4042 et
3431 3983 3496 4043 .1.
3533 4000 3834 4061 pannum.
3885 3983 3962 4046 Et

1162 4070 1396 4131 .XXX.1.
1430 4069 1617 4131 hubo.
1651 4068 1895 4151 singule
1924 4087 2186 4147 porcum
2216 4069 2504 4135 reddunt.
2536 4070 2608 4130 Et
2635 4069 2934 4130 mulieres
2955 4068 3028 4128 11.
3059 4069 3140 4128 111
3169 4067 3524 4149 camisiales
3564 4088 3650 4131 ex
3687 4069 3818 4132 lino
3849 4069 3964 4132 do·

1160 4159 1411 4218 minieo.
1444 4173 1585 4217 eum
1617 4155 1875 4238 gallinis
1906 4163 1973 4216 et
2000 4159 2166 4218 ouis.
2198 4163 2263 4218 et
2292 4173 2436 4218 eum
2465 4155 2754 4218 triduano
2801 4156 3088 4216 seruicia.
3140 4155 3399 4234 Insuper
3440 4155 3610 4217 hube
3653 4158 3814 4219 sunt,
3835 4155 3967 4230 tres

1108 4317 1122 4326 .
1162 4260 1307 4303 eum
1334 4242 1625 4304 triduano
1658 4242 1943 4304 seruicia.
1975 4243 2049 4304 Et
2080 4260 2296 4305 eorum
2326 4243 2628 4304 mulieres
2651 4240 2895 4323 lingule
2925 4258 3178 4320 pannos
3209 4259 3296 4302 ex
3317 4242 3444 4303 lino
3469 4241 3802 4304 dominico.
3840 4241 3962 4304 Co-

1160 4329 1291 4390 loni
1322 4329 1408 4390 .X.
1442 4346 1703 4409 quorum
1726 4329 1851 4390 1111.
1884 4329 2168 4412 singulas
2191 4347 2371 4390 oues.
2404 4329 2480 4390 Et
2511 4329 2623 4389 .VI.
2653 4330 2785 4388 tres
2807 4327 3112 4389 carradas
3142 4326 3457 4390 frumenti.
3486 4327 3558 4390 Et
3583 4330 3840 4410 insuper
3869 4329 3960 4392 .V.

1160 4415 1449 4498 singulas
1491 4432 1651 4476 ones
1693 4415 2095 4499 fingulasque
2135 4415 2438 4479 carradas
2479 4415 2792 4476 frumenti.
2847 4413 3104 4476 Selaui
3142 4413 3386 4476 LXXVI.
3423 4414 3652 4497 singuli
3691 4415 3772 4476 ad
3799 4432 3959 4494 pan-

1160 4521 1313 4566 num
1340 4503 1557 4564 linum.
1589 4508 1655 4562 et
1682 4501 1883 4562 XXVII
1913 4503 2216 4583 paltenas.
2251 4508 2314 4562 et
2343 4520 2554 4563 auene
2597 4499 2678 4562 ad
2713 4501 2918 4562 XXVII
2945 4500 3250 4564 carradas
3271 4503 3558 4563 eeruisie.
3609 4500 3830 4562 Adhee
3869 4499 3962 4564 .X.

1158 4590 1356 4652 linum
1402 4597 1466 4651 et
1509 4588 1839 4651 denarium
1876 4587 2161 4649 reddunt.
2212 4587 2483 4650 Molend.
2515 4587 2615 4649 111.
2654 4583 2936 4650 Edelesia
2965 4589 3030 4650 .1.
3061 4587 3368 4650 Beneficii
3397 4594 3548 4650 sunt
3577 4586 3664 4649 .X.
3695 4585 3864 4648 hube
3895 4591 3960 4648 et

1164 4677 1227 4738 .1.
1260 4665 1574 4756 oppidum.
1604 4692 1840 4755 pereas
1871 4673 2127 4737 .C.XXX.
2158 4691 2409 4754 pannos
2443 4675 2600 4736 .C.L.
2631 4681 2698 4734 et
2725 4675 2887 4737 oues
2907 4675 3068 4736 .C.X.
3098 4674 3354 4736 Summa
3383 4673 3592 4736 .C.XX.

1334 4763 1437 4824 35.
1468 4763 1539 4822 In
1568 4761 2066 4844 Bingenheim
2102 4761 2245 4822 VIII.
2276 4763 2606 4824 territoria.
2649 4761 2758 4824 lidi
2799 4761 3065 4823 .C.XIIII.
3105 4762 3393 4844 fingulos
3433 4776 3667 4840 pereas
3701 4758 3958 4840 sagina-

1162 4856 1266 4912 to·
1296 4857 1361 4916 et
1388 4849 1656 4916 XXXVII.
1688 4848 2009 4913 denariae.
2039 4847 2397 4932 singulique
2428 4848 2728 4933 gallinam
2767 4867 2910 4912 eum
2941 4849 3078 4912 .XV.
3111 4851 3275 4910 ouis.
3307 4847 3380 4910 Et
3411 4848 3536 4910 alie
3563 4845 3731 4910 hube
3761 4846 3954 4910 XLVI.
