4821 5976
2102 837 2253 916 Cap.
2301 836 2403 899 66.
2453 837 2555 898 6⁷.
3574 838 3704 901 145

908 1008 1102 1067 totius
1131 1006 1655 1087 congregationis
1677 1003 2055 1066 adminiculo
2087 1002 2306 1069 obtulit
2335 1012 2400 1065 et
2428 1005 2562 1084 ipsa
2589 1011 2723 1067 tota
2752 1002 3091 1067 deuotione
3120 1010 3272 1066 uota
3300 1004 3412 1067 sua
3440 1023 3565 1086 que
3596 1005 3704 1070 diu

910 1092 1118 1151 secum
1151 1086 1560 1171 cummagno
1592 1089 1899 1151 desiderio
1930 1092 1995 1149 in
2025 1090 2236 1153 cordis
2270 1091 2360 1151 sui
2388 1091 2676 1169 poi-tabat
2706 1089 3005 1168 hospicio.
3038 1089 3265 1151 Obtulit
3293 1094 3549 1170 inquam
3580 1090 3719 1151 deo-

914 1180 978 1236 et
1010 1176 1112 1235 sco
1142 1174 1475 1235 Bonifacio
1504 1194 1630 1235 non
1660 1176 1792 1234 sine
1821 1174 2099 1235 lacrimis
2121 1176 2637 1253 compunctionis.
2666 1174 2939 1253 implens
2968 1174 3116 1235 illud
3147 1174 3457 1252 psalmisse
3488 1174 3705 1235 dicen·

913 1260 992 1319 tis
1018 1262 1128 1337 qui
1157 1260 1464 1319 seminant
1493 1262 1558 1320 in
1588 1259 1864 1329 lacrimis
1898 1262 1965 1318 in
2003 1257 2241 1340 gaudio
2285 1268 2543 1320 metent.
2592 1259 2991 1338 proprietatis
3028 1262 3136 1318 sue
3177 1258 3309 1318 tres
3342 1259 3526 1321 uillas
3562 1278 3706 1320 cum

910 1345 1203 1404 omnibus
1235 1345 1771 1421 compertinentiis
1797 1351 1859 1403 et
1891 1344 2285 1427 appendiciis
2319 1346 2467 1405 suis.
2509 1342 2723 1420 (163⁸)
2764 1343 2827 1402 id
2852 1345 3029 1403 estin
3056 1341 3345 1403 Batten.
3378 1344 3703 1405 Ronaha.

909 1435 974 1487 et
1002 1426 1428 1489 Leimbach.
1473 1429 1581 1489 sub
1629 1428 1736 1489 tali
1775 1428 2155 1489 conditione.
2203 1434 2268 1487 ut
2307 1428 2537 1488 fratres
2570 1427 2871 1488 fuldensis
2910 1428 3271 1487 monasterii
3309 1427 3432 1488 hec
3478 1429 3705 1489 eadem

914 1512 1267 1573 sua-oblata
1297 1516 1674 1592 patrimonia
1705 1513 1814 1572 sub
1847 1513 1956 1573 sua
1987 1512 2232 1591 semper
2261 1512 2571 1573 haberent
2592 1513 2969 1590 potestatiua
2992 1511 3289 1571 custodia.
3315 1530 3486 1572 cura.
3514 1520 3704 1592 atque

909 1596 1174 1669 cultura.
1207 1604 1270 1656 et
1300 1604 1366 1657 ut
1396 1596 1635 1657 reditus
1657 1599 1790 1656 siue
1821 1597 2051 1657 census
2085 1601 2408 1658 annuatim
2442 1594 2669 1659 abinde
2700 1596 3007 1657 tollerent.
3034 1598 3184 1657 etin
3208 1597 3353 1656 suos
3376 1597 3526 1657 usus
3552 1615 3707 1676 quo-

821 1696 832 1703 ·
909 1680 1351 1760 modocunque
1381 1681 1616 1741 uellent
1645 1682 2070 1744 transferrent.
2103 1689 2171 1741 ut
2213 1682 2304 1743 sui
2342 1683 2589 1760 semper
2625 1684 2687 1741 in
2732 1681 2926 1741 sacris
2960 1682 3350 1742 orationibus
3388 1696 3707 1743 memores

911 1773 1154 1826 essent.
1187 1766 1330 1825 Erat
1361 1768 1530 1825 enim
1563 1769 1795 1844 optime
1825 1768 2168 1829 uoluntatis
2191 1766 2447 1827 femina.
2481 1766 2707 1827 uolens
2731 1785 2917 1826 omne
2956 1768 3394 1845 patrimonium
3439 1767 3612 1826 suum
3640 1770 3708 1827 in

910 1848 1099 1909 liuius
1130 1853 1500 1910 monasterii
1531 1851 1879 1911 transferre
1920 1851 2330 1931 dispendium.
2371 1851 2501 1912 Sed
2530 1856 2681 1931 quia
2722 1852 2943 1929 prelati
2990 1852 3181 1910 nostri
3221 1850 3430 1909 minus
3469 1848 3710 1909 solliciti

911 1941 1090 1992 erant
1121 1937 1293 1995 circa
1323 1952 1487 1995 eam.
1520 1939 1788 1996 remouit
1820 1939 2094 1996 animum
2127 1938 2302 1997 suum
2333 1943 2397 1997 et
2428 1937 2591 1997 alias
2635 1938 2699 1995 se
2740 1940 3067 1995 conuertit.
3116 1953 3237 1995 nec
3276 1940 3491 1993 tamen
3532 1934 3715 1995 nobis

909 2033 1034 2096 que
1065 2018 1328 2078 dederat
1357 2019 1622 2079 abstulit.
1655 2020 2011 2081 Construxit
2040 2024 2305 2082 enimin
2334 2026 2588 2100 proprio
2630 2021 2901 2083 domate.
2946 2020 3009 2079 id
3057 2020 3147 2079 est
3188 2022 3253 2079 in
3297 2018 3552 2079 castello
3598 2020 3709 2079 suo

909 2100 1077 2179 quod
1105 2101 1360 2163 Banze
1391 2106 1756 2164 uocabatur.
1787 2104 2228 2165 monasterium
2261 2110 2359 2167 sci
2388 2103 2646 2167 Dionisii
2676 2104 2957 2165 martiris.
2984 2106 3086 2165 ubi
3112 2102 3496 2164 coadunauit
3518 2120 3709 2182 quam

910 2185 1120 2262 plures
1142 2186 1371 2246 fratres
1394 2188 1504 2247 sub
1535 2189 1758 2267 regula
1789 2193 1889 2249 sci
1931 2190 2259 2252 Benedicti
2304 2189 2425 2269 deo
2471 2192 2702 2251 deuote
2748 2190 3107 2251 seruientes.
3147 2188 3361 2267 ibique
3408 2188 3709 2266 quamdiu

909 2270 1273 2351 superuixit.
1305 2274 1368 2331 in
1410 2273 1644 2351 uigiliis
1683 2280 1746 2333 et
1791 2275 2204 2335 orationibuS.
2247 2276 2502 2335 ieiuniis
2536 2283 2601 2335 et
2638 2275 2998 2335 elemosinis
3030 2273 3322 2333 insistens
3378 2271 3707 2341 studiosius

913 2353 1036 2414 deo
1066 2372 1302 2415 uacare
1333 2374 1460 2415 non
1492 2356 1688 2416 desiit.
1723 2357 2055 2437 Regnabat
2088 2377 2166 2418 eo
2199 2367 2482 2436 tempore
2514 2358 2677 2418 Otto
2710 2363 3049 2435 imperator
3093 2355 3707 2436 magedeburgensis

909 2439 1294 2499 constructor
1325 2439 1625 2518 episcopii
1655 2449 1974 2521 cognatus
2007 2441 2296 2502 eiusdem
2328 2441 2701 2502 nobilissime
2725 2449 3011 2501 matrone
3035 2444 3141 2518 qui
3168 2457 3392 2499 omnes
3416 2444 3559 2498 eius
3582 2447 3708 2500 tra-

909 2520 1182 2581 ditiones
1204 2530 1269 2581 et
1297 2526 1728 2583 cenobitarum
1760 2528 2262 2586 constructiones
2296 2528 2404 2585 suo
2438 2524 2833 2585 confirmau'it
2872 2532 3191 2602 precepto.
3240 2529 3308 2583 ut
3346 2523 3553 2583 nullus
3585 2524 3709 2585 hoc

911 2605 1078 2684 quod
1108 2604 1275 2666 dedit
1307 2614 1370 2665 et
1399 2607 1656 2669 instituit
1689 2608 1928 2668 uiolare
1959 2609 2062 2667 uel
2094 2618 2453 2687 permutare
2484 2609 2669 2685 possit
2698 2612 2763 2666 in
2794 2610 3027 2685 aliquo.
3060 2608 3236 2678 Quae
3268 2605 3569 2668 defuncta
3615 2610 3711 2667 se-

907 2690 1082 2767 pulta
1113 2691 1298 2751 estin
1328 2694 1706 2757 monasterio
1740 2696 1836 2753 sci
1868 2693 2124 2754 Dionisii
2154 2694 2427 2753 martiris
2449 2696 2513 2752 in
2546 2692 2793 2771 prefato
2834 2691 2975 2752 loco
3028 2689 3263 2751 castelli
3315 2691 3405 2751 sui
3447 2691 3710 2751 Banze

909 2782 1158 2835 uocato.
1191 2776 1358 2855 quod
1389 2776 1566 2836 situm
1598 2784 1702 2836 est
1733 2779 1919 2855 supra
1945 2777 2093 2839 litus
2125 2778 2346 2857 Moyii
2387 2778 2671 2837 fluminis.
2718 2775 2997 2855 fiuntque
3042 2794 3157 2853 per
3197 2777 3340 2834 eius
3382 2778 3604 2835 merita
3648 2784 3713 2837 ut

912 2858 1108 2919 fertur
1138 2860 1318 2939 plura
1349 2862 1532 2943 signa
1563 2880 1602 2922 a
1633 2861 1884 2922 domino
1918 2862 2124 2923 nostro
2155 2862 2332 2922 ihesu
2355 2880 2505 2940 xpo.
2532 2866 2632 2922 cui
2660 2862 2723 2921 se
2747 2860 3209 2923 commendauit
3234 2860 3453 2919 relicto
3478 2861 3707 2922 seculo.

1178 3097 1396 3176 (165“)
1444 3101 1567 3170 67.
1605 3100 1709 3169 De
1750 3097 2111 3171 oblatione
2148 3099 2463 3169 Heinrici
2500 3099 2787 3170 abbatis
2824 3100 2896 3168 in
2936 3097 3323 3168 Brainuirst
3357 3091 3448 3173 ¹).

1079 3298 1150 3358 lii
1180 3301 1439 3358 nomine
1470 3308 1534 3358 et
1561 3297 1804 3360 honore
1837 3317 1954 3362 ece
1983 3301 2287 3362 trinitatis.
2321 3301 2541 3360 Notum
2574 3299 2646 3360 sit
2677 3301 2970 3360 omnibus
3000 3300 3280 3378 xpianae
3320 3299 3468 3377 fidei
3509 3301 3706 3360 culto-

909 3383 1082 3442 ribus
1107 3383 1375 3463 qualiter
1390 3382 1658 3445 domnus
1683 3385 2086 3448 Heinricus
2104 3385 2487 3446 uenerabilis
2503 3383 2804 3446 fuldensis
2822 3385 3089 3446 ecclesie
3116 3385 3316 3444 abbas
3343 3405 3456 3463 per
3472 3403 3702 3446 manus

906 3483 1168 3546 quorum
1190 3467 1402 3544 (dam)
1456 3469 1732 3531 fidelium
1779 3473 2024 3531 suorum
2085 3470 2593 3552 Sigebotonis
2634 3470 2929 3531 uidelicet
2960 3477 3021 3529 et
3059 3469 3423 3548 Sigifridi
3450 3474 3515 3530 in
3549 3471 3706 3532 silua

907 3554 1005 3611 sci
1033 3550 1344 3613 Bonifacii
1367 3571 1492 3633 que
1532 3555 1756 3616 dicitur
1784 3556 2200 3616 Bramuirst
2232 3555 2547 3634 quoddam
2579 3558 2744 3632 cepit
2768 3573 3007 3613 nouare
3031 3555 3282 3615 nouale.
3318 3559 3469 3618 utin
3495 3555 3705 3614 eccle-

908 3635 998 3696 sia
1029 3637 1139 3696 sua
1168 3637 1432 3698 fuldensi
1459 3638 1693 3701 scilicet
1717 3645 2221 3722 congregatione
2248 3642 2688 3719 sempiternum
2715 3640 2825 3700 sibi
2850 3638 3092 3699 faceret
3116 3639 3499 3700 memoriale.
3526 3636 3703 3712 Quod

905 3722 1066 3798 opus
1090 3721 1210 3780 deo
1241 3723 1649 3801 prosperante
1681 3725 1823 3784 dum
1857 3727 2021 3786 bene
2054 3730 2222 3805 cepit
2253 3727 2614 3805 meliusque
2646 3729 2721 3784 de
2753 3725 2855 3784 die
2888 3728 2949 3784 in
2984 3724 3147 3784 diem
3179 3725 3466 3803 profecit.
3500 3725 3704 3782 inaxi-

755 3853 778 3870 ,
903 3822 1070 3864 mum
1100 3807 1508 3868 iocunditatis
1531 3816 1594 3869 et
1624 3810 1906 3869 utilitatis
1931 3811 2233 3891 gaudium
2265 3811 2380 3871 sibt
2412 3817 2474 3870 et
2506 3809 2799 3870 fratribus
2832 3807 2977 3868 inde
3004 3813 3311 3885 prouenit.
3343 3809 3494 3868 Nam
3518 3807 3702 3870 locus

906 3891 1012 3967 qui
1043 3892 1218 3968 prius
1253 3900 1389 3951 erat
1419 3894 1625 3952 cubile
1653 3894 1931 3953 ferarum
1962 3903 2024 3954 et
2055 3896 2378 3955 latibulum
2407 3895 2753 3955 bestiarum
2780 3899 2845 3952 et
2872 3893 3242 3953 inhabitatio
3274 3893 3581 3953 latronum
3610 3899 3701 3952 at-

902 3991 1028 4051 que
1059 3975 1402 4052 predonum
1437 3977 1682 4038 domna.
1714 3978 1922 4040 factus
1945 3988 2048 4041 est
2069 3980 2491 4041 habitaculum
2519 3986 2581 4039 et
2606 3981 3012 4039 commoratio
3038 3978 3357 4039 hominum
3381 3978 3461 4037 de
3484 3978 3699 4039 labore

901 4075 1022 4117 suo
1065 4061 1430 4120 uiuentium.
1487 4062 1926 4124 conuentione
1971 4069 2186 4145 itaque
2276 4065 2482 4125 ublice
2526 4064 2700 4124 sacta
2739 4063 3010 4123 domnus
3058 4063 3253 4123 abbas
3294 4055 3514 4138 (165³)
3555 4079 3699 4121 cum

900 4143 1158 4202 consilio
1191 4144 1502 4206 seniorum
1535 4146 1794 4209 fratrum
1825 4157 1890 4210 et
1919 4149 2194 4210 fidelium
2228 4085 2475 4209 fuorum
2505 4149 2671 4209 hanc
2702 4150 2915 4229 legem
2947 4147 3117 4208 dedit
3162 4155 3227 4206 ut
3272 4148 3482 4207 coloni
3528 4149 3700 4205 eius-

901 4225 1043 4286 dem
1078 4227 1230 4288 mue
1264 4230 1403 4290 .X11.
1438 4234 1642 4292 annos
1667 4235 1870 4295 essent
1902 4236 2148 4314 absque
2179 4236 2427 4294 tributo,
2462 4242 2733 4312 excepto
2765 4234 2932 4312 quod
2969 4234 3013 4291 si
3046 4233 3270 4312 aliquis
3294 4250 3512 4292 eorum
3536 4249 3700 4289 nior-

897 4311 1044 4370 tuus
1069 4311 1279 4372 fuisset
1307 4318 1652 4378 iumentum
1686 4320 1854 4397 quod
1883 4320 2077 4400 uulgo
2109 4319 2334 4380 dicitur
2364 4325 2553 4398 caput
2585 4321 2883 4398 optimum
2910 4319 3039 4377 siue
3062 4318 3502 4377 uestimentum
3528 4315 3695 4394 quod

898 4395 1125 4456 melius
1177 4395 1442 4459 haberet
1481 4405 1544 4460 in
1585 4402 1732 4462 usus
1770 4403 2027 4463 fratrum
2073 4405 2152 4465 ad
2183 4405 2589 4467 infirmariam
2621 4403 2895 4465 cederet.
2929 4403 3001 4460 Et
3032 4403 3091 4461 si
3122 4401 3421 4462 heredem
3452 4404 3535 4461 ibi
3569 4417 3694 4458 non

895 4477 1178 4542 haberet.
1213 4487 1425 4544 omnia
1453 4485 1622 4546 bona
1653 4488 1796 4547 eius
1826 4505 1944 4566 per
1973 4505 2206 4550 annum
2237 4494 2302 4550 in
2334 4491 2589 4570 publica
2616 4493 2794 4550 curia
2818 4490 3236 4548 seruarentur.
3268 4487 3338 4548 Et
3372 4488 3415 4544 si
3445 4487 3691 4546 interim

1040 4721 1085 4787 ¹)
1116 4727 1345 4777 Buchoii.
1377 4737 1480 4779 vet.
1507 4744 1634 4797 pag.
1659 4731 1776 4780 337.

3174 4815 3245 4876 19
