4821 5976
2155 854 2312 933 cap.
2343 852 2448 914 64.
2481 853 2585 915 65.
3600 849 3728 911 14³

931 1022 1332 1102 imperatoris
1364 1018 1428 1075 et
1459 1031 1668 1079 coram
1701 1017 1913 1079 multis
1937 1014 2077 1078 aliis
2091 1016 2354 1077 testibus
2400 1017 2464 1075 in
2510 1014 2679 1077 hunc
2708 1016 2979 1081 modum.
3012 1026 3081 1081 ut
3110 1018 3343 1082 fratres
3376 1020 3731 1099 specialiter

933 1111 998 1171 in
1031 1110 1142 1169 sua
1172 1107 1551 1186 proprietate
1590 1103 1917 1165 haberent.
1951 1109 2016 1163 et
2059 1119 2336 1163 annuum
2369 1102 2625 1161 censum
2664 1102 2812 1163 inde
2855 1107 3238 1184 acciperent.
3272 1124 3349 1167 ac
3382 1106 3471 1165 sui
3502 1124 3731 1185 paren-

932 1202 1194 1272 tumque
1236 1191 1480 1257 suorum
1526 1190 1769 1267 semper
1807 1187 2124 1249 memores
2157 1188 2382 1247 essent.
2436 1187 2631 1246 Facta
2674 1187 2764 1247 est
2810 1188 2929 1251 hec
2971 1190 3235 1253 tradicio
3274 1198 3559 1270 tempore
3591 1192 3733 1274 glo-

936 1279 1248 1341 riosissimi
1289 1279 1688 1355 imperatoris
1731 1272 1976 1334 ottonis
2009 1271 2176 1333 rufi‘
2209 1276 2394 1333 cuius
2435 1278 2735 1350 precepto
2776 1275 3149 1338 confirmata
3182 1284 3243 1339 et
3284 1278 3487 1360 sigillo
3527 1278 3733 1339 consi-

938 1372 1157 1446 gnata.
1190 1370 1256 1423 ut
1286 1378 1608 1439 nunquam
1637 1362 1704 1419 in
1735 1366 2020 1419 eternum
2053 1359 2133 1418 ab
2165 1358 2376 1437 aliquo
2405 1356 2733 1419 hominum
2760 1362 2933 1421 irrita
2963 1363 3090 1423 fiat.

1111 1450 1375 1527 Signum
1425 1446 1534 1505 dni
1579 1444 1826 1506 ottonis
1856 1442 2275 1527 gloriosissimi
2317 1438 2719 1522 imperatoris
2752 1448 3021 1527 augusti.
3068 1465 3239 1508 anno
3278 1446 3443 1509 dom.
3488 1450 3731 1509 incarn.

1119 1615 1306 1694 (160⁵
1309 1618 1340 1694 )
1379 1617 1718 1677 Annotatio
1749 1612 1979 1675 census
2009 1610 2090 1673 de
2119 1612 2553 1674 Tutenhuse
2566 1633 2629 1675 n.
2670 1618 2777 1694 qui
2810 1614 3017 1678 adhuc
3042 1616 3343 1677 fratribus
3374 1618 3599 1677 nostris
3620 1634 3735 1676 an-

939 1709 1178 1767 nuatim
1210 1702 1358 1765 inde
1388 1702 1775 1781 persoluitur
1821 1701 1890 1761 In
1924 1702 2020 1760 wi
2033 1698 2558 1779 gbrahterode
2590 1699 2757 1761 hube
2791 1702 2927 1761 sunt
2958 1700 3181 1763 decem
3214 1720 3339 1779 que
3368 1708 3559 1763 antea
3588 1702 3737 1762 ΧΧΧ

939 1790 1172 1851 solidos
1196 1788 1654 1867 persoluebant.
1681 1794 1740 1847 et
1767 1785 1953 1847 modo
1976 1784 2276 1845 talentum
2300 1784 2589 1845 reddunt.
2620 1786 2689 1847 In
2719 1785 2982 1847 Richw
2962 1786 3351 1847 atterode
3382 1794 3531 1847 sunt
3557 1790 3739 1866 quin-

942 1893 1069 1956 que
1114 1876 1302 1935 hube.
1343 1872 1509 1933 unde
1552 1872 1689 1933 ..XV
1734 1870 1908 1932 solidi
1952 1869 2525 1948 persoluuntur.1n
2563 1869 3037 1932 Nuwenrode
3080 1870 3249 1931 hnbe
3292 1872 3427 1931 sunt
3458 1874 3737 1952 quinque

942 1960 1111 2020 unde
1143 1960 1297 2019 XIIII
1345 1957 1518 2018 solidi
1560 1965 1623 2016 et
1659 1956 1961 2017 denarius
2014 1954 2403 2034 persoluitur.
2450 1956 2519 2016 ln
2558 1954 3153 2017 Hewineshusen
3200 1957 3329 2015 tres
3367 1959 3505 2017 sunt
3548 1958 3737 2019 hube.

944 2044 1114 2105 unde
1159 2044 1460 2103 talentum
1503 2050 1567 2103 et
1610 2060 1777 2101 unus
1821 2041 2124 2102 denarius
2165 2039 2665 2119 persoluitur.1n
2710 2044 2847 2120 ipsa
2892 2041 3041 2103 uilla
3079 2042 3471 2103 Tutenhus
3476 2062 3563 2103 en
3614 2060 3741 2103 una
3848 2048 3859 2055 “

942 2130 1112 2191 huba
1141 2128 1310 2189 unde
1334 2128 1556 2189 decem
1581 2126 1754 2187 solidi
1777 2126 2230 2205 persoluuntur.
2255 2127 2347 2185 De
2373 2126 2497 2187 alia
2518 2144 2672 2187 uero
2695 2127 2867 2188 huba
2894 2135 3163 2230 quatuor
3194 2128 3511 2188 soluuntur
3541 2127 3737 2189 solidi.

944 2216 1036 2275 De
1084 2216 1392 2275 territorio
1454 2222 1666 2277 autem
1702 2230 1934 2271 nouem
1982 2211 2158 2271 solidi
2203 2211 2661 2290 persoluuntur.
2722 2214 2855 2273 Hee
2913 2215 3125 2275 omnia
3160 2215 3335 2274 sunul
3379 2220 3743 2294 computata

944 2308 1214 2381 quatuor
1242 2300 1480 2359 talenta
1509 2305 1576 2359 et
1601 2298 1724 2359 XII.
1756 2297 1928 2357 solidi
1959 2296 2134 2357 fiunt.

921 2422 926 2427 -
1115 2385 1188 2445 In
1230 2383 1698 2444 Ottenhusen
1729 2384 2106 2441 territorium
2135 2382 2226 2439 est
2267 2387 2332 2441 et
2361 2382 2537 2442 VIIII.
2570 2382 2756 2443 hube.
2802 2330 2881 2442 de
2922 2383 3155 2461 quibus
3184 2382 3361 2441 XIIII.
3396 2382 3567 2442 solidi
3596 2398 3739 2461 per

901 2470 1267 2530 -soluuntur
1295 2466 1682 2529 InBalcsin
1713 2467 1860 2525 ..1111
1892 2466 2060 2527 hube
2091 2466 2249 2526 sunt.
2281 2466 2450 2526 unde
2481 2467 2953 2544 persoluuntur.
2962 2468 3107 2527 vlu.
3131 2466 3325 2527 solidi.
3357 2468 3427 2526 In
3461 2467 3745 2527 Weife-

947 2554 1082 2614 felt
1131 2555 1241 2612 sex
1281 2552 1450 2611 hube
1489 2552 1646 2609 sunt.
1689 2551 1858 2609 unde
1901 2552 2041 2609 .le
2077 2550 2249 2608 solidi
2294 2551 2749 2626 persoluuntur.
2790 2553 2860 2611 In
2902 2551 3465 2612 Gozmareshus
3470 2571 3563 2613 en
3594 2554 3741 2613 .1111.

945 2639 1116 2701 hube
1147 2638 1302 2697 sunt.
1336 2635 1504 2696 unde
1539 2635 1706 2695 ..VIII
1751 2632 1926 2694 solidi
1965 2634 2422 2712 persoluuntur.
2467 2634 2537 2691 In
2577 2634 2799 2693 Drins
2802 2634 2941 2694 felt
2974 2638 3121 2696 ..1111
3162 2636 3330 2696 hube
3371 2639 3526 2697 sunt.
3576 2638 3745 2697 unde

949 2723 1226 2785 similiter
1259 2722 1428 2783 ,ἚΙΙΙ
1471 2718 1648 2781 solidi
1677 2719 2244 2797 persoluuntur.1n
2275 2714 2525 2779 muten
2562 2717 2647 2779 ..V
2680 2718 2849 2780 hube
2888 2728 3055 2781 eunt.
3086 2720 3259 2781 unde
3291 2721 3375 2781 .X.
3402 2721 3577 2782 solidi
3604 2740 3750 2800 per·

950 2808 1396 2869 soluuntur.1n
1427 2805 1581 2866 Has
1585 2804 1830 2867 beche
1859 2805 1989 2864 tres
2011 2803 2180 2863 hube
2211 2803 2369 2863 sunt.
2413 2802 2581 2864 unde
2630 2800 2739 2864 sex
2771 2804 2944 2865 solidi
2986 2807 3441 2883 persoluuntur.
3474 2808 3761 2868 Emme-

953 2892 1348 2957 chenrode
1375 2892 1546 2953 hube
1577 2890 1702 2953 due
1733 2889 1902 2951 unde
1933 2879 2158 2951 decem
2187 2888 2364 2950 solidi
2392 2889 2953 2967 persoluuntur.1n
2982 2890 3560 2968 Ruprahterode
3592 2892 3761 2954 huba

951 2980 1019 3042 .1.
1055 2980 1199 3040 ..1111
1246 2978 1352 3041 sol.
1400 2977 1698 3040 reddens·
1743 2975 1878 3050 Que
1919 2974 2108 3036 siinul
2145 2980 2514 3052 computata
2559 2980 2829 3054 quatuor
2866 2975 3107 3036 talenta
3150 2975 3327 3038 fiunt.
3388 2976 3597 3056 Super
3635 2972 3760 3040 hee

951 3069 1164 3126 omnia
1195 3065 1325 3126 dux
1355 3063 1698 3125 Saxonie
1728 3060 2140 3122 Heinricus
2165 3060 2517 3119 aduocatus
2539 3067 2602 3119 et
2631 3059 2827 3120 iudex
2859 3061 2993 3122 esse
3018 3061 3227 3123 debet.
3250 3062 3437 3124 cuius
3464 3065 3767 3142 parentes

951 3149 1332 3211 hereditario
1363 3152 1500 3208 iure
1531 3145 1876 3208 eorundem
1907 3146 2214 3204 bonorum
2241 3142 2613 3206 defensores
2638 3152 2841 3205 erant.

1446 3379 1667 3462 (161⁵)
1723 3381 1848 3452 65.
1909 3379 2016 3452 De
2054 3378 2421 3456 oblatione
2460 3379 2637 3454 .ΙΙΠ.
2677 3382 3181 3481 episcoporum
3205 3382 3295 3463 ¹).

1129 3605 1390 3666 Cunctis
1421 3603 1662 3664 nostris
1706 3601 1999 3663 fidelibus
2041 3603 2419 3662 notissimum
2460 3608 2564 3662 est
2604 3602 2873 3681 qualiter
2916 3604 3413 3682 preclarissimus
3451 3613 3757 3684 patronus

955 3693 1167 3756 noster
1197 3699 1260 3750 et
1289 3691 1482 3749 totius
1513 3687 1708 3769 gallie
1740 3693 1930 3767 atque
1961 3690 2294 3768 germanie
2327 3687 2659 3767 apostolus
2692 3705 2805 3748 scs
2835 3688 3223 3752 BonisaciuS.
3254 3711 3399 3752 cum
3434 3693 3513 3751 ab
3544 3710 3758 3754 errore

955 3775 1333 3858 gentilitatis
1359 3775 1788 3834 boioariam
1821 3774 2248 3833 conuertisset.
2283 3772 2488 3834 diuisit
2516 3791 2659 3832 eam
2686 3776 2747 3834 in
2776 3781 3041 3853 quatuor
3064 3775 3487 3857 episcopatus.
3514 3784 3577 3836 et
3606 3795 3765 3856 qua-
3854 3779 3861 3788 “

955 3869 1098 3922 tuor
1129 3879 1216 3920 ex
1255 3858 1576 3937 discipulis
1611 3858 1736 3917 suis
1753 3858 2066 3919 ordinauit
2089 3857 2374 3936 pastores
2390 3858 2471 3920 ad
2494 3858 2845 3937 regendum
2870 3861 3169 3939 populum
3192 3861 3315 3923 dei.
3348 3862 3763 3924 Iohannem

957 3944 1516 4025 Salzburgensi
1551 3942 1840 4004 ecclesie.
1871 3943 2211 4003 Viuulum
2244 3943 2686 4003 Patauiensi
2728 3945 3017 4006 ecclesie.
3063 3946 3576 4010 Gowiholdum
3622 3949 3763 4007 Ra·-

958 4030 1392 4110 tis-ponensi
1423 4028 1714 4088 ecclesie.
1757 4035 1819 4088 et
1859 4029 2322 4090 Ermbertum
2360 4028 2831 4110 Frisingensi
2873 4031 3143 4092 ecclesie
3182 4034 3597 4111 praeponens.
3644 4031 3763 4106 Qui

959 4118 1164 4177 statim
1195 4114 1369 4175 uelut
1401 4113 1692 4192 palmites
1716 4132 1868 4174 uere
1900 4117 2010 4174 uiti
2043 4114 2431 4175 adherentes
2460 4116 2527 4173 in
2558 4117 2751 4176 uinea
2781 4115 3017 4176 domini
3044 4135 3173 4176 non
3204 4118 3335 4178 sine
3378 4117 3587 4177 fructu
3624 4121 3763 4179 ani·-

960 4219 1201 4264 marum
1234 4199 1348 4259 sibi
1371 4200 1830 4259 commissarum
1857 4207 2341 4278 comparuerunt
2365 4199 2477 4260 sed
2498 4207 2563 4258 et
2591 4201 2846 4279 insuper
2874 4209 3174 4280 quantum
3206 4209 3543 4279 potuerunt
3564 4203 3762 4282 ipsam

962 4286 1310 4348 fuldensem
1343 4273 1676 4345 ecclesiam
1705 4293 1968 4344 matrem
2003 4286 2176 4346 suam
2207 4304 2318 4364 pro
2352 4302 2568 4344 amore
2598 4287 2683 4363 pii
2714 4289 2909 4365 patris
2932 4285 3239 4346 Bonifacii
3270 4287 3455 4348 donis
3478 4295 3540 4348 et
3560 4289 3761 4349 hono-

962 4373 1134 4432 ribus
1167 4370 1544 4432 extulerunt.
1578 4368 1753 4429 Vnde
1785 4373 2051 4452 contigit
2082 4377 2148 4430 ut
2178 4372 2442 4450 quisque
2482 4387 2701 4430 eorum
2739 4389 2851 4450 pro
2891 4372 3070 4464 posse
3111 4372 3222 4432 suo
3267 4375 3551 4433 caritatis
3587 4374 3757 4434 obla·
3843 4401 3859 4410 =

961 4457 1169 4518 tiones
1193 4455 1584 4519 fuldensibus
1614 4455 1912 4516 fratribus
1945 4455 2025 4516 (le
2057 4456 2168 4516 sua
2198 4459 2402 4535 patria
2432 4459 2757 4516 annuatim
2788 4449 3192 4534 persolueret.
3226 4475 3303 4518 ac
3334 4457 3479 4520 suos
3500 4459 3677 4518 ciues
3691 4463 3760 4518 ut

961 4543 1128 4604 idem
1174 4542 1462 4604 facerent
1513 4542 1822 4602 incitaret.
1863 4540 2101 4621 Sicque
2146 4540 2381 4604 sactum
2426 4543 2517 4604 est
2553 4549 2621 4602 ut
2660 4542 2741 4604 de
2780 4542 3041 4624 singulis
3072 4545 3445 4625 regionibus
3493 4543 3761 4622 plurima

1108 4779 1155 4842 ¹)
1187 4781 1473 4829 Schannat.
1501 4779 1679 4827 tradit.
1717 4779 1790 4826 17.
