4821 5976
2150 792 2304 873 cap.
2338 793 2443 854 ⁷⁶.
2489 794 2593 857 77.
2659 766 2664 771 ’
2888 848 2899 855 .
3595 802 3723 865 ιω

926 960 1225 1023 fratribus
1254 958 1381 1023 hoe
1410 960 1811 1023 obtinuerunt
1847 966 1917 1021 ut
1945 959 2221 1023 eundem
2258 963 2546 1023 mansum
2573 964 2641 1025 in
2669 962 3002 1027 Borsaha
3037 965 3310 1046 pleniter
3341 968 3720 1033 obtinerent.

924 1043 1073 1107 dato
1110 1062 1224 1125 pro
1263 1063 1343 1106 eo
1384 1047 1602 1106 manso
1641 1063 1768 1105 uno
1808 1046 1876 1105 in
1918 1046 2332 1125 promeella
2374 1049 2745 1111 tantundem
2794 1051 3278 1129 persoluentem.
3317 1044 3468 1127 'Quo
3506 1055 3724 1119 itidem

922 1133 1142 1192 manso
1172 1130 1458 1208 suscepto
1498 1129 1727 1192 fratres
1758 1130 1839 1191 de
1869 1130 2339 1193 Biscofesberch
2378 1131 2601 1211 (195⁸)
2641 1141 3184 1198 commutauerunt
3223 1155 3367 1200 eum
3406 1156 3486 1200 eo
3525 1140 3724 1219 quod-

924 1215 1069 1278 dam
1098 1214 1525 1276 molendinum
1554 1218 1722 1277 inter
1747 1216 2044 1278 Portam
2075 1224 2139 1277 et
2168 1216 2629 1281 Rubenbach
2658 1218 2858 1281 situm.
2900 1237 2942 1281 a
2971 1221 3295 1284 Gerlaho
3334 1225 3722 1287 ministeriali

924 1308 991 1362 et
1017 1300 1145 1362 filio
1177 1302 1318 1362 eius
1352 1300 1766 1363 chunrado.
1870 1360 1875 1367 .

1094 1388 1252 1447 Item
1281 1403 1409 1467 ego
1438 1385 1853 1466 Marquardus
1874 1404 1988 1466 pro
2018 1386 2299 1448 remedio
2331 1388 2543 1448 anime
2573 1405 2718 1449 mee
2747 1388 2984 1451 donaui
3027 1398 3094 1452 et
3121 1391 3480 1455 contradidi
3517 1394 3724 1456 fratri-

923 1470 1046 1533 bus
1084 1469 1165 1531 de
1207 1487 1323 1533 sco
1360 1470 1641 1532 iohanne
1682 1478 1747 1531 et
1789 1488 1908 1532 sco
1956 1471 2216 1533 Andrea
2258 1474 2334 1533 in
2372 1489 2571 1533 nouo
2610 1480 2859 1535 monte
2896 1474 3184 1552 predium
3227 1495 3422 1537 unum
3451 1480 3518 1539 in
3539 1480 3722 1541 Rut-

923 1555 1204 1618 chares.
1237 1554 1320 1617 ad
1341 1556 1599 1618 censum
1611 1556 1787 1616 XIIII.
1806 1556 2157 1618 solidorum.
2182 1575 2263 1618 eo
2287 1564 2511 1618 tenore
2543 1564 2607 1617 et
2627 1566 2820 1638 paeto
2848 1566 2918 1619 ut
2939 1560 3051 1621 sue
3080 1562 3477 1623 necessitatis
3507 1569 3574 1623 et
3602 1568 3723 1625 uti-

922 1641 1115 1702 litatis
1138 1641 1635 1703 consolationem
1662 1640 1811 1703 inde
1842 1650 2063 1723 agant.
2096 1649 2160 1703 et
2187 1646 2317 1705 mei
2345 1649 2476 1705 tam
2507 1644 2783 1705 uiuentis
2806 1660 2997 1724 quam
3036 1644 3318 1708 defuncti
3354 1652 3722 1711 memoriam

921 1728 1335 1788 continuatim
1362 1726 1690 1787 celebrare
1720 1728 2033 1809 satagant.

1094 1812 1416 1873 Fratribus
1446 1829 1701 1892 quoque
1732 1812 1814 1873 de
1844 1830 1961 1873 sco
1991 1814 2175 1875 Petro
2207 1814 2316 1893 qui
2347 1814 2486 1875 flunt
2512 1814 2580 1875 in
2610 1812 2665 1873 H
2675 1812 3116 1895 ugesberch.
3149 1832 3276 1897 ego
3300 1816 3732 1879 Marewardus

923 1910 1041 1957 sce
1071 1895 1399 1958 Fuldensis
1438 1898 1708 1960 ecclesie
1745 1896 2001 1959 humilis
2038 1898 2317 1959 minister
2354 1917 2468 1977 pro
2515 1898 2795 1960 remedio
2835 1901 3046 1960 anime
3075 1917 3220 1961 mee
3254 1900 3449 1961 obtuli
3477 1908 3542 1962 et
3571 1920 3726 1963 oon-

921 1979 1145 2042 tradidi
1172 1983 1239 2041 in
1265 1981 1647 2044 oblationem
1665 1990 1730 2043 et
1754 2001 2033 2045 annuam
2056 1984 2551 2045 consolationem
2577 1983 2812 2045 hubam
2831 2002 3020 2048 unam
3043 1987 3111 2045 in
3141 1984 3293 2047 uilla
3321 1985 3730 2047 Sandolses

922 2065 1037 2127 ‚vL
1068 2064 1299 2127 solides
1319 2068 1801 2146 persoluentem.
1834 2085 2025 2149 quam
2054 2069 2276 2147 postea
2315 2087 2459 2130 cum
2499 2070 2626 2131 alia
2661 2068 2832 2129 huba
2866 2072 2934 2129 in
2965 2069 3187 2130 Leles
3223 2074 3626 2131 commutaui.
3659 2081 3725 2131 et

924 2150 1197 2211 eandem
1226 2149 1461 2213 hubam
1488 2156 1556 2213 in
1585 2152 1809 2214 Leles
1829 2170 1947 2215 sco
1977 2154 2163 2213 Petro
2194 2160 2259 2215 et
2289 2151 2588 2214 fratribus
2617 2154 2846 2215 nostris
2865 2154 3098 2216 ibidem
3129 2154 3249 2215 deo
3279 2154 3730 2216 famulantibus

923 2233 1156 2295 deuote
1184 2234 1439 2297 donaui.
1473 2253 1555 2297 ea
1585 2236 1961 2301 condicione
1992 2245 2061 2298 ut
2088 2241 2217 2299 mei
2235 2244 2544 2318 perpetuo
2576 2240 2696 2299 sint
2723 2242 3040 2301 memores
3061 2242 3126 2299 in
3149 2240 3552 2301 ‘orationibus
3584 2239 3721 2301 suis.
3775 2279 3789 2294 ·

1094 2319 1433 2381 Sororibus
1463 2322 1691 2383 nostris
1722 2326 1787 2383 in
1818 2324 2049 2383 Tulba
2079 2323 2201 2384 deo
2247 2325 2667 2386 seruientibus
2713 2342 2828 2403 pro
2875 2325 3089 2385 diuino
3130 2341 3346 2385 amore
3389 2328 3456 2385 in
3510 2324 3725 2403 psas·

923 2403 1289 2467 senhusen
1334 2407 1669 2468 eeclesiam
1714 2424 1857 2467 cum
1898 2407 2165 2469 decimis
2218 2415 2282 2468 et
2330 2408 2710 2469 beneficium
2750 2408 2917 2489 quod
2961 2408 3180 2469 habuit
3228 2407 3730 2471 Gebehardus

862 2562 874 2569 ἦ
922 2490 1194 2550 clericus
1223 2489 1303 2551 de
1342 2491 1839 2553 wirceburch.
1880 2495 1946 2553 in
1984 2492 2327 2555 beeheim
2359 2494 2479 2554 .111‚
2526 2494 2782 2555 mansos
2812 2511 2956 2555 eum
2986 2496 3198 2555 uinea.
3229 2496 3294 2555 in
3340 2494 3548 2554 Ertal
3600 2494 3731 2555 tres

918 2574 1175 2635 mansos
1205 2574 1490 2636 lidorum.
1520 2578 1587 2636 in
1617 2575 1951 2637 Borsaha
1980 2579 2263 2638 mansum
2294 2578 2359 2638 .1.
2392 2577 2742 2639 contradidi
2768 2574 2852 2657 ¹).

1102 2938 1320 3020 (196⁸)
1361 2940 1464 3003 67.
1495 2940 1609 3004 His
1629 2940 2018 3021 temporibus
2050 2945 2339 3020 opportet
2368 2938 2504 3002 dari
2534 2938 2613 3002 de
2638 2938 2895 3000 cellario
2919 2939 3164 3001 abbatis
3179 2941 3413 3002 caritas
3427 2939 3726 3004 fratribus

922 3033 1050 3087 tam
1070 3025 1151 3086 ad
1171 3045 1399 3088 cenam
1409 3045 1601 3106 quam
1619 3027 1700 3087 ad
1716 3027 1945 3088 eibum.
1962 3023 2027 3084 id
2046 3027 2137 3084 est
2160 3029 2226 3085 in
2252 3028 2582 3085 natiuitate
2607 3024 2860 3085 domini.
2885 3032 2948 3084 et
2973 3026 3069 3085 sci
3088 3022 3394 3104 Stephani
3409 3025 3722 3088 Iohannis.

916 3111 1356 3173 Innocentium
1383 3115 1452 3172 in
1475 3118 1706 3172 octaua
1736 3108 1990 3169 domini.
2012 3111 2078 3166 in
2110 3107 2470 3186 epiphania.
2500 3111 2568 3168 in
2598 3107 3036 3184 purificatione
3055 3126 3110 3170 s.
3132 3110 3350 3170 Mai-ie.
3371 3111 3439 3168 in
3454 3110 3642 3171 Lxx·.
3661 3117 3725 3172 et

918 3197 986 3256 in
1001 3196 1093 3256 L·.
1112 3197 1179 3255 in
1196 3197 1677 3256 annuntiatione
1694 3211 1811 3255 sce
1822 3192 2038 3253 Marie.
2057 3199 2193 3253 ets.
2210 3191 2556 3253 Benedicti.
2573 3195 2789 3252 uinum
2807 3200 2872 3252 et
2883 3196 3119 3252 caritas
3137 3192 3216 3254 ad
3234 3194 3443 3254 cibum
3458 3201 3721 3255 tantum.

919 3286 985 3341 et
1012 3282 1080 3340 in
1109 3279 1339 3359 palmis
1372 3278 1454 3340 ad
1482 3279 1709 3342 eibum.
1752 3277 2030 3339 Sabbato
2059 3277 2270 3357 pasce.
2314 3279 2382 3339 in
2422 3275 2646 3358 uigilia
2658 3279 3026 3338 -nativitatis
3059 3277 3185 3337 dni.
3218 3284 3281 3338 et
3311 3279 3720 3340 pentecostes

916 3364 1273 3445 prepositus
1302 3363 1673 3445 prouidebit.
1701 3363 1775 3425 In
1802 3363 2039 3445 pascha
2070 3369 2133 3423 et
2162 3363 2530 3442 pentecoste
2551 3362 2679 3422 1111.
2702 3360 2843 3423 dies
2863 3361 3076 3423 danda
3105 3363 3197 3422 est
3225 3363 3462 3423 caritas
3484 3363 3564 3424 de
3595 3365 3724 3424 cel-

916 3449 1076 3512 lario
1107 3450 1354 3512 abbatis
1376 3458 1505 3512 tam
1544 3449 1626 3512 ad
1655 3467 1883 3510 cenam
1914 3466 2106 3528 quam
2146 3448 2224 3510 ad
2265 3449 2494 3509 eibum.
2541 3447 2836 3508 Similiter
2863 3450 2930 3508 in
2977 3448 3347 3509 ascensione
3386 3446 3513 3508 dni.
3555 3454 3619 3508 et
3654 3451 3722 3509 in

915 3535 1089 3598 festo
1118 3553 1176 3597 s.
1207 3534 1539 3597 Bonisacii.
1568 3535 1874 3596 Iohannis
1904 3533 2222 3614 Baptistae
2251 3535 2420 3594 Petri
2461 3527 2526 3593 e't
2563 3533 2760 3595 Pauli.
2793 3532 3143 3614 Sympiicii.
3175 3532 3516 3593 Laurentii.
3557 3531 3724 3593 Wic-

916 3621 1099 3682 berti.
1128 3624 1197 3682 in
1227 3623 1649 3700 assumptione
1680 3637 1737 3682 s.
1768 3620 1985 3681 Marie.
2018 3626 2082 3680 et
2112 3621 2446 3680 nativitate
2489 3620 2707 3697 ipsius.
2754 3626 2818 3679 et
2862 3636 2918 3679 s.
2961 3617 3290 3680 Michaelis
3335 3625 3401 3678 et
3445 3621 3719 3678 omnium

918 3708 1293 3769 sanctorum.
1324 3707 1575 3768 Martini
1614 3711 1679 3766 et
1706 3704 1983 3766 Andree.
2016 3722 2094 3765 ac
2126 3722 2183 3765 s.
2215 3703 2483 3788 Sturmis
2503 3722 2629 3764 nec
2657 3722 2787 3764 non
2827 3706 2892 3764 in
2923 3706 3256 3764 natiuitate
3283 3702 3720 3783 Apostolorum

918 3795 1157 3854 caritas
1196 3789 1445 3854 dabitur
1481 3792 1780 3854 fratribus
1811 3789 1892 3850 de
1922 3789 2181 3851 cellario
2223 3790 2492 3850 abbatis,
2526 3795 2655 3850 tam
2697 3788 2777 3849 ad
2809 3804 3037 3850 cenam
3062 3805 3251 3867 quam
3284 3788 3364 3849 ad
3398 3789 3622 3850 cibum.
3658 3795 3722 3848 et

920 3876 1177 3955 insuper
1206 3876 1464 3954 staupus
1506 3875 1588 3937 de
1618 3875 1875 3937 cellario
1905 3873 2187 3936 fratrum.

1089 3959 1443 4021 Notandum
1485 3960 1655 4041 quod
1694 3963 1760 4020 in
1792 3957 2231 4020 recordatione
2262 3958 2521 4020 fratrum
2553 3963 2617 4018 et
2659 3959 2724 4018 in
2754 3961 3063 4020 memoria
3091 3975 3147 4019 s.
3177 3957 3581 4018 Hadamari
3615 3957 3724 4017 ab-

917 4045 1085 4108 batis
1114 4051 1179 4106 et
1217 4045 1373 4106 Cun
1390 4045 1555 4107 radi
1601 4046 1777 4127 regis
1808 4044 2153 4105 elemosine
2196 4044 2585 4124 pauperibus
2631 4051 2695 4104 et
2739 4048 2977 4105 caritas
3009 4044 3307 4104 fratribus
3351 4041 3490 4103 fleri
3533 4041 3724 4103 debet

917 4129 1001 4192 de
1040 4133 1218 4192 curia
1248 4132 1510 4194 abbatis.
1554 4132 1811 4210 Insuper
1856 4133 1921 4191 in
1951 4128 2362 4192 dedicatione*
2394 4128 2642 4207 capelle
2687 4130 2936 4190 abbatis
2984 4135 3048 4188 et
3091 4131 3156 4189 in
3197 4129 3436 4188 letania
3477 4129 3720 4188 maiore

924 4214 1224 4276 fratribus
1254 4215 1336 4278 de
1376 4220 1554 4278 curia
1587 4215 1832 4278 abbatis
1862 4215 2105 4296 largius
2135 4215 2461 4276 seruiatur.
2508 4213 2807 4275 Similiter
2842 4217 2910 4274 in
2951 4211 3347 4274 ordinatione
3385 4212 3583 4292 ipsius
3614 4212 3726 4274 ab·

917 4300 1095 4363 batis.
1125 4300 1297 4380 quod
1324 4302 1558 4383 ubique
1588 4303 1929 4363 institutum
1959 4301 2071 4362 est.

1065 4579 1111 4644 ¹)
1140 4581 1231 4630 nit
1252 4583 1329 4631 nl.
1360 4578 1483 4630 195⁸
1508 4580 1680 4630 bricht
1704 4580 1789 4630 die
1814 4581 1931 4630 vita
1955 4580 2050 4642 οὓς
2075 4581 2159 4630 die
2184 4581 2287 4630 aas
2300 4581 2376 4629 Bt.
2408 4577 2530 4628 196·
2556 4577 2904 4628 befindlichen
2927 4577 3148 4628 Notizen
3171 4577 3290 4626 sind
3315 4587 3422 4624 von
3443 4573 3592 4623 einer
3613 4585 3716 4622 an-

919 4652 1067 4714 dern,
1090 4652 1310 4713 spatern
1342 4649 1494 4700 Hand
1529 4649 1895 4714 eingetragen.
1931 4649 2204 4698 schannat
2236 4648 2458 4698 historia
2483 4648 2632 4697 Fnld.
2657 4648 2699 4709 l,
2731 4647 2790 4698 15
2825 4649 2918 4700 hat
2952 4647 3036 4697 die
3072 4647 3172 4695 aut·
3203 4644 3288 4692 dle
3323 4641 3585 4705 Speloung
3621 4641 3716 4690 be-

919 4719 1164 4784 zuguehe
1190 4717 1343 4768 Noti:
1366 4731 1471 4798 „ex
1494 4718 1683 4768 lacera
1706 4717 2016 4768 membrana
2039 4715 2278 4768 erutam”
2304 4715 2636 4780 mitgetheilt.
