4821 5976
1061 839 1166 882 vm

1062 1013 1379 1076 offerrent.
1415 1021 1479 1076 et
1507 1032 1620 1093 pro
1651 1017 1896 1078 terenis
1924 1015 2238 1078 celestem
2280 1015 2699 1080 hereditatem
2744 1028 3205 1098 compararent.
3250 1021 3693 1086 Invenivntur·
3716 1041 3875 1108 ergo

965 1179 972 1185 ,
1058 1116 1164 1178 hic
1193 1103 1468 1197 quedafn
1497 1122 1883 1179 testamenta
1911 1121 2278 1197 conscripta
2308 1121 2388 1180 ab
2420 1119 2523 1180 his
2554 1137 2680 1200 que
2709 1138 2823 1199 pre
2852 1127 3180 1184 vetustate
3208 1123 3343 1205 legi
3372 1129 3876 1206 vix-poterant.“

1061 1219 1148 1281 Bl.
1183 1223 1256 1279 7·
1281 1265 1322 1294 „
1361 1220 1639 1280 Prefatio
1669 1222 1740 1310 in·
1766 1220 1990 1281 librum
2018 1220 2437 1282 tradicionum
2466 1221 2825 1300 prediorum
2856 1221 3173 1286 fuldensis
3206 1227 3510 1289 ecclesie.
3542 1229 3611 1290 In
3645 1229 3877 1292 Christi

1059 1324 1337 1383 nomine.
1370 1322 1564 1384 finitis
1599 1329 1662 1382 et
1689 1325 2047 1384 terminatis
2087 1323 2445 1405 priuilegiis
2486 1330 2855 1386 sanctorum
2901 1326 3394 1404 apostolicorum
3433 1333 3709 1392 uirorum
3753 1333 3879 1392 Ro-

1059 1441 1388 1485 manorum
1419 1425 1718 1486 uidelicet
1746 1427 2196 1506 episcoporum
2226 1432 2290 1486 et
2333 1435 2777 1505 preceptorum
2818 1445 3045 1509 regum
3086 1435 3151 1492 et
3188 1431 3635 1510 imperatorum
3679 1451 3879 1512 super

1059 1525 1320 1588 diuersa
1352 1528 1620 1610 negotia
1663 1534 2084 1588 sacrosancte
2127 1527 2446 1588 fuldensis
2478 1527 2790 1588 ecclesie}
2836 1533 3254 1611 accingamur
3296 1551 3467 1594 nunc
3513 1533 3595 1597 ad
3634 1533 3879 1596 descri-

1058 1628 1308 1691 bendas
1338 1627 1730 1690 tradiciones
1760 1629 1865 1690 uel
1893 1615 2275 1691 donationes
2319 1646 2443 1690 seu
2484 1629 2932 1710 delegationes
2962 1632 3341 1720 prediorum.
3375 1653 3693 1716 agrorum.
3724 1653 3880 1716 pos-

1058 1733 1452 1792 sessionum.
1473 1730 1868 1792 familiarum.
1901 1730 2412 1792 decimationum.
2442 1738 2927 1810 ceterorumque
2956 1733 3263 1796 bonorum
3287 1753 3455 1815 quae
3478 1755 3519 1796 a
3538 1738 3879 1815 primordio

993 1881 1012 1929 1
1057 1833 1250 1895 huius
1273 1833 1418 1894 loci.
1453 1851 1492 1894 a
1513 1818 1892 1896 beatissimo
1915 1839 1980 1893 et
2001 1835 2421 1894 sanctissimo
2446 1833 2771 1896 Bonifacio
2796 1833 3283 1915 archiepiscopo
3313 1843 3377 1898 et
3398 1841 3653 1900 martire
3676 1842 3878 1918 primo

1063 1943 1131 1998 et
1157 1939 1460 2016 precipuo
1498 1935 1688 2012 huius
1725 1937 1853 1996 loci
1895 1935 2252 1998 fundatore.
2287 1942 2350 1996 et
2379 1954 2497 2015 per
2526 1955 2673 1997 eum
2712 1955 2753 1998 a
2789 1937 3287 2015 preclarissimis
3334 1957 3411 2000 ac
3456 1939 3879 2002 nobilissimis

1061 2039 1452 2118 principibus
1479 2041 1762 2117 pippino.
1794 2038 2036 2100 karolo.
2069 2038 2410 2100 ludewico.
2437 2038 2718 2100 arnoldo.
2744 2039 3034 2102 lothario.
3069 2035 3369 2104 cunrado.
3401 2042 3699 2104 Heinrico
3730 2061 3879 2108 cae-

1059 2143 1348 2220 terisque
1377 2140 1712 2202 catholicis
1744 2147 1809 2201 et
1838 2141 2166 2222 religiosis
2193 2143 2350 2201 uiris
2373 2139 2525 2202 huic
2546 2144 2938 2201 monasterio
2962 2159 3075 2220 pro
3100 2161 3318 2204 amore
3348 2143 3452 2205 dei
3485 2147 3880 2223 omnipoten-

1058 2245 1144 2304 tis
1175 2249 1240 2302 et
1277 2260 1390 2320 pro
1431 2243 1732 2304 mercede
1773 2249 2080 2303 aeternae
2109 2244 2284 2302 uitae
2330 2241 2566 2300 collata
2594 2249 2763 2300 sunt.
2805 2242 3003 2304 Unde*
3024 2241 3289 2323 dignum
3334 2245 3631 2307 duximus
3672 2263 3880 2325 pauca

1059 2344 1396 2424 prelibarc.
1427 2359 1556 2403 non
1590 2342 1670 2403 ad
1701 2342 2318 2402 commendationem
2350 2343 2683 2420 scriptoris
2706 2341 2827 2402 sed
2858 2347 3095 2421 operis.
3126 2353 3196 2403 ut
3226 2353 3289 2405 et
3320 2347 3553 2408 tedium
3589 2349 3881 2410 auferant

1061 2445 1326 2528 legendi
1357 2444 1584 2506 eadem
1613 2464 1784 2524 pene
1813 2447 2040 2523 sepius
2078 2445 2451 2525 repetendo.
2496 2450 2560 2506 et
2604 2445 2937 2506 utilitatem
2964 2451 3207 2506 tantum
3238 2447 3549 2525 simplicis
3594 2448 3743 2509 licet
3780 2449 3881 2510 lit-

1069 2555 1250 2609 terae
1281 2546 1685 2609 attendendo.
1717 2547 1946 2608 Multas
1978 2551 2148 2608 enim
2176 2548 2459 2610 cartulas
2502 2550 2866 2634 inuenimus
2896 2550 3089 2609 nimia
3116 2554 3443 2610 uetustate
3472 2567 3775 2612 corrosas
3815 2557 3881 2610 et

1073 2652 1366 2713 abrasas.
1398 2651 1630 2712 multas
1659 2652 1852 2711 etiam
1882 2653 2256 2730 antiquitate
2295 2652 2653 2728 scripturae
2688 2649 3013 2712 modernis
3044 2652 3433 2732 incognitas.
3466 2659 3530 2712 et
3572 2671 3741 2732 pene
3784 2653 3882 2712 in·

986 2768 998 2866 f
1073 2753 1392 2836 legibiles.
1421 2753 1652 2814 multas
1685 2755 1879 2814 etiam
1907 2756 2066 2816 mira
2096 2751 2503 2831 simplicitate
2526 2755 3009 2833 incompositas.
3032 2754 3161 2814 Nos
3192 2760 3405 2814 autem
3436 2757 3586 2833 quia
3612 2771 3727 2833 pro
3756 2752 3881 2816 deo

1075 2862 1140 2920 et
1183 2874 1298 2937 pro
1342 2856 1466 2918 loci
1509 2856 1776 2917 utilitate
1805 2862 1873 2917 et
1918 2854 2160 2917 honore
2189 2855 2481 2917 laborare
2525 2873 2655 2916 non
2698 2858 2905 2939 piguit
2949 2855 3207 2938 singula
3250 2873 3489 2938 magna
3531 2855 3883 2938 uigilantes

1072 2965 1558 3040 perscrutantes
1584 2961 1960 3021 enicmatice
1981 2963 2096 3020 uix
2111 2963 2344 3021 cuncta
2363 2957 2912 3038 perlustrauimus.
2932 2965 2997 3021 et
3012 2957 3133 3020 deo
3159 2957 3504 3022 adiuuante
3527 2965 3885 3047 sanctoque

1073 3062 1404 3127 Bonifacio
1458 3070 1780 3124 annuente
1831 3068 2015 3141 prout
2078 3064 2400 3141 potuimus
2454 3060 2537 3123 ad
2590 3062 2821 3123 bonnm
2872 3060 3165 3123 effectum
3215 3063 3649 3143 perduximus.
3662 3066 3702 3095 ‘⁴
3768 3061 3885 3122 Die

1077 3164 1845 3259 Schenkungsurkunden
1876 3166 2094 3251 gehen
2133 3184 2288 3227 vonx
2309 3164 2398 3227 Bl.
2436 3162 2505 3225 71’
2536 3167 2636 3227 bis
2675 3165 2762 3227 Bl.
2796 3160 2959 3240 82⁶3,
2988 3165 3077 3227 Bl.
3110 3163 3229 3227 83⁸
3280 3165 3641 3245 „Quoniam
3672 3167 3887 3227 omnia

1076 3284 1206 3328 non
1249 3272 1590 3347 potuimus.
1629 3284 1840 3346 pauca
1877 3268 2362 3346 descripsimus.
2401 3266 2517 3328 His
2557 3268 2752 3346 igitur
2789 3268 3115 3346 prelibatis
3158 3267 3615 3339 tradicionibus
3659 3284 3883 3349 regum

1075 3372 1522 3450 imperatorum
1554 3375 1746 3448 atque
1776 3369 2078 3430 nobilium
2108 3371 2385 3428 uirorum
2416 3369 2527 3445 qui
2553 3366 2739 3447 larga
2768 3384 2959 3427 manu
2989 3370 3253 3447 regales
3284 3370 3471 3431 uillas
3508 3377 3571 3430 et
3600 3368 3885 3450 grandes

1076 3475 1548 3553 possessiones
1580 3471 1938 3531 obtulerunt
1965 3470 2088 3531 deo
2121 3475 2186 3529 et
2213 3470 2633 3529 sanctissimo
2673 3470 2931 3547 martyri
2976 3471 3118 3529 eius
3148 3468 3477 3531 Bonifacio
3510 3473 3617 3551 qui
3662 3473 3728 3530 in
3768 3468 3887 3529 ful-

1077 3575 1266 3636 densi
1317 3574 1664 3651 requiescit
1715 3573 2108 3632 monasterio
2176 3553 2461 3652 glorioso
2514 3570 2841 3631 laureatus
2892 3570 3191 3631 martirio.
3244 3568 3507 3651 dignum
3564 3570 3884 3633 duximus.

1077 3676 1379 3756 quoniam
1410 3692 1540 3734 non
1570 3679 1675 3734 est
1701 3690 2122 3753 personarum
2151 3674 2443 3753 acceptio
2476 3672 2645 3751 apud
2672 3672 2882 3735 deum.
2914 3674 3023 3751 qui
3053 3670 3177 3732 duo
3208 3676 3449 3733 minuta
3476 3671 3709 3735 uiduae
3739 3672 3884 3752 plus

1077 3778 1359 3862 laudauit
1389 3793 1578 3855 quam
1625 3774 1884 3836 diuitum
1914 3792 2146 3857 gazas.
2193 3782 2262 3836 ut
2307 3782 2372 3837 et
2414 3777 2697 3837 minores
2739 3782 2803 3836 et
2842 3777 3263 3854 pauperiores
3303 3792 3433 3835 non
3472 3774 3883 3857 negligamus

1076 3895 1416 3961 personas.
1449 3882 1568 3939 deo
1601 3885 1664 3939 et
1692 3879 2068 3940 beatissimo
2099 3881 2362 3960 martyri
2383 3876 2713 3939 Bonifacio
2742 3895 2866 3939 sua
2886 3894 3154 3940 munera
3184 3875 3550 3939 offerentes.
3584 3876 3703 3939 sed
3735 3880 3885 3957 quia

1075 4000 1232 4063 prae
1262 3980 1656 4043 multitudine
1685 3999 1904 4042 eorum
1943 3986 2052 4063 qui
2095 3982 2394 4064 singulos
2434 3998 2721 4044 mansos.
2764 3980 2871 4041 uel
2909 3980 3210 4062 singulos·
3248 3998 3466 4062 agros.
3510 3987 3617 4041 aut
3654 3983 3884 4063 iugera

1079 4086 1434 4145 obtulerunt
1463 4101 1590 4144 non
1623 4083 1980 4145 sufficimus
2012 4085 2092 4146 ad
2123 4084 2633 4148 describendum.
2678 4086 2769 4144 ita
2798 4088 2865 4143 ut
2895 4082 3173 4163 singulis
3207 4100 3395 4143 suum
3438 4082 3882 4148 describamus

1075 4194 1546 4249 testamentum.
1577 4205 1701 4248 nec
1733 4184 2052 4249 credimus
2081 4204 2242 4248 esse
2271 4204 2575 4247 necesse.
2602 4188 2753 4266 quia
2781 4187 2995 4245 minus
3018 4188 3469 4267 impugnantur
3488 4189 3733 4248 minora
3754 4202 3883 4265 que

1072 4310 1191 4371 per
1217 4306 1342 4351 nos
1372 4306 1726 4369 possumus
1755 4288 2120 4350 defendere.
2155 4306 2344 4368 quam
2373 4291 2619 4351 maiora
2648 4303 2819 4368 quae
2850 4306 3075 4369 regum
3106 4295 3171 4349 et
3198 4291 3547 4369 principum
3592 4288 3885 4368 indigent

1073 4393 1477 4456 defensione.
1511 4392 1791 4453 sufficiat
1819 4393 2166 4453 min-oribus
2197 4408 2364 4470 quos
2387 4394 2579 4452 etiam
2602 4392 2666 4451 in
2700 4391 2857 4452 libro
2888 4394 3063 4451 uitae
3107 4394 3399 4455 nouimus
3440 4408 3599 4454 esse
3638 4389 3884 4449 deseri-

1069 4503 1240 4577 ptos,
1273 4502 1342 4556 ut
1371 4498 1792 4556 summatim
1824 4513 1909 4556 ac
1940 4496 2379 4555 nominatim
2410 4510 2529 4554 eos
2561 4511 2704 4554 cum
2734 4493 2923 4554 bonis
2955 4510 3033 4555 ac
3062 4477 3248 4556 donis
3268 4496 3411 4555 suis
3442 4509 3609 4571 quae
3641 4488 3884 4551 obtule-

1073 4606 1216 4660 runt
1245 4619 1330 4660 ex
1363 4597 1582 4659 ordine
1613 4596 2118 4659 describamus.“
2163 4597 2277 4657 Die
2307 4614 2437 4658 nun
2467 4595 2818 4678 folgenden
2849 4596 3245 4657 Summarien
3276 4594 3421 4655 sind
3454 4610 3583 4651 von
3613 4590 3677 4651 S.
3712 4590 3883 4651 69-

1083 4686 1198 4761 11'5
1233 4701 1645 4784 abgedruckt.
1677 4702 1812 4762 Von
1841 4700 1930 4761 Bl.
1970 4698 2368 4760 116⁸—131·
2399 4698 2547 4761 sind
2585 4698 2689 4764 die
2730 4698 3309 4778 TauschvertragQ
3341 4694 3735 4769 concambia,
3766 4710 3881 4779 zu·
