4821 5976
1054 1777 1197 1855 (sol.
1230 1777 1327 1855 2·)
1372 1776 1427 1837 l.
1468 1776 1659 1837 Anno
1698 1775 1779 1837 ab
1820 1776 2261 1837 incarnatione
2290 1772 2399 1837 dni
2428 1774 2828 1837 ncchxm.
2853 1774 3072 1837 mense
3099 1774 3324 1839 Martio
3361 1776 3536 1837 xm
3565 1775 3670 1839 die
3793 1800 3802 1809 ·

877 1862 1167 1925 eiusdem
1206 1860 1439 1923 mensis
1484 1864 1787 1923 conuenit
1824 1868 2019 1941 atque
2064 1860 2426 1939 conplacuit
2463 1862 2628 1921 inter
2667 1861 2785 1920 eos
2815 1878 3082 1940 quorum
3119 1864 3380 1923 nomina
3415 1861 3682 1923 inferius

875 1950 1105 2027 scripta
1133 1948 1293 2008 sunt.
1321 1952 1389 2007 ut
1418 1946 1843 2026 unusquisque
1870 1946 2117 2007 illorum
2146 1944 2409 2025 singulis
2433 1946 2620 2007 annis
2641 1945 3031 2027 generaliter
3058 1962 3172 2024 pro
3190 1948 3486 2008 omnibus
3516 1946 3683 2009 uiuis

877 2035 965 2095 ‚L
995 2032 1289 2111 psalteria
1316 2032 1422 2092 nel
1443 2032 1493 2091 X
1522 2032 1740 2092 missas
1762 2036 1977 2091 cantet
2008 2031 2111 2091 uel
2140 2028 2450 2109 perficiat.
2492 2029 2562 2091 Si
2603 2030 2832 2111 aliquis
2855 2048 3072 2091 eorum
3111 2030 3423 2113 languore
3465 2050 3680 2093 corre-

874 2120 1021 2197 ptus
1040 2117 1409 2178 infirmetur.
1434 2118 1634 2178 ceteri
1660 2118 1769 2196 qui
1786 2117 2084 2194 potentes
2106 2116 2225 2176 sint
2254 2114 2492 2175 uiribus
2516 2116 2566 2174 fi
2593 2118 2662 2175 in
2690 2117 3018 2177 uicinitate
3047 2116 3186 2175 sunt
3214 2118 3397 2194 positi
3426 2116 3679 2177 uisitent

876 2220 1021 2263 eum
1052 2208 1117 2262 et
1148 2202 1367 2262 solatia
1398 2200 1725 2281 prebeant.
1754 2199 1967 2279 Atque
1997 2200 2047 2260 si
2074 2202 2141 2260 in
2170 2206 2351 2259 tanta
2376 2198 2738 2260 infirmitate
2767 2206 3061 2261 teneatur
3103 2207 3171 2261 ut
3201 2198 3393 2261 horas
3415 2202 3680 2262 canoni-
3802 2250 3808 2258 .

875 2288 991 2349 cas
1012 2304 1141 2347 non
1171 2287 1357 2365 possit
1398 2286 1779 2365 persoluere.
1818 2284 2243 2365 unusquisque
2282 2284 2627 2346 ualentium
2667 2303 2754 2345 ex
2793 2302 2920 2365 quo
2965 2284 3088 2345 hoo
3133 2284 3402 2346 audierit
3445 2284 3677 2347 cotidie

876 2370 1175 2453 quamdiu
1204 2371 1539 2432 infirmitas
1560 2376 1853 2431 teneatur
1882 2368 1971 2429 Ν.
2002 2369 2277 2448 psalmos
2313 2387 2428 2450 pro
2459 2387 2540 2430 eo
2583 2368 2838 2431 domino
2883 2368 3152 2431 reddere
3191 2376 3386 2431 curet.
3433 2369 3502 2431 Si
3543 2372 3686 2451 quis

875 2474 1097 2519 eorum
1136 2463 1371 2517 metam
1400 2451 1590 2516 huius
1610 2451 1667 2532 1)
1707 2454 2051 2533 reliquerit.
2094 2455 2520 2535 unusquisque
2558 2455 2948 2534 superstitum
2987 2471 3101 2533 pro
3142 2456 3357 2516 anima
3397 2452 3682 2516 defuncti

874 2542 1043 2603 infra
1068 2540 1217 2601 m
1246 2540 1387 2601 dies
1408 2540 1545 2618 post
1584 2539 1821 2599 obitum
1852 2540 1997 2599 eiua
2028 2539 2131 2600 uel
2172 2540 2503 2617 postquam
2542 2538 2814 2600 audierit
2858 2540 2976 2599 .m.
3009 2538 3163 2619 psal.
3205 2546 3270 2601 et
3305 2539 3407 2601 111.
3447 2540 3678 2602 missas.

876 2627 1135 2709 uigilias
1166 2642 1423 2705 quoque
1451 2622 1575 2683 ΧΠ.
1605 2622 1996 2702 totidemque
2038 2622 2340 2701 uesperas
2370 2628 2586 2683 cantet
2629 2622 2738 2681 uel
2776 2626 3022 2683 cantari
3062 2622 3279 2685 faciat.
3340 2625 3460 2685 Pro
3499 2631 3682 2705 patre

876 2712 1133 2793 quidem
1161 2717 1228 2771 et
1254 2716 1475 2771 matre.
1513 2708 1812 2771 fratribus
1834 2706 2265 2787 sororibusque
2306 2698 2626 2769 defunctis
2657 2706 2932 2785 psalmos
2955 2708 3042 2768 .L.
3086 2713 3150 2769 et
3184 2726 3377 2769 unam
3413 2710 3680 2771 missam.

876 2797 1163 2879 uigiliam
1219 2812 1477 2877 quoque
1522 2794 1984 2873 uesperamque
2034 2791 2377 2872 impendat.
2461 2793 2580 2853 Pro
2635 2790 2871 2853 ceteris
2907 2809 3062 2854 uero
3105 2794 3330 2855 amicis
3375 2792 3690 2856 defunctis

882 2880 1110 2943 eadem
1149 2899 1321 2961 pene
1366 2878 1676 2941 affinitate
1715 2879 2085 2939 coniunctis.
2131 2877 2417 2940 ordinem
2453 2876 2601 2947 XXX
2643 2877 3018 2955 psalmorum
3055 2878 3389 2955 persoluat.
3447 2880 3518 2940 In
3564 2881 3685 2942 cir·
3719 2908 3725 2921 ·

882 2968 1027 3030 culo
1077 2984 1233 3029 uero
1285 2966 1439 3028 anni
1488 2983 1600 3046 pro
1654 2963 1992 3026 animabus
2046 2961 2486 3025 defunctorum
2538 2963 2962 3042 unusquisque
3015 2962 3120 3022 ΧΠ
3168 2963 3399 3024 missas.
3441 2971 3550 3027 aut
3581 2963 3687 3025 XII

880 3053 1034 3132 psal.
1066 3058 1282 3116 cantet
1325 3052 1429 3113 uel
1479 3049 1787 3130 perficiat.
1834 3049 1903 3108 Si
1944 3047 2069 3107 duo
2110 3050 2303 3128 igitur
2341 3049 2755 3108 continuatim
2792 3045 2855 3108 id
2901 3047 2992 3106 est
3031 3047 3080 3108 si
3119 3049 3286 3110 unus
3327 3051 3393 3108 in
3432 3049 3693 3110 alterius

882 3139 1029 3200 XXX
1058 3137 1285 3199 diebus
1326 3139 1649 3196 moriatur.
1683 3133 2057 3210 decantetur
2088 3131 2188 3190 eis
2203 3130 2379 3191 l'1mul
2404 3147 2574 3209 quae
2595 3129 2781 3209 supra
2807 3131 3253 3193 constituimus.
3278 3131 3684 3216 singulisque

883 3225 1071 3284 annis
1106 3220 1496 3303 generaliter
1540 3219 1819 3276 omnium
1865 3217 2231 3276 memoriam
2275 3214 2714 3276 defunctomm
2765 3217 2831 3275 in
2876 3215 2985 3274 1111
3025 3215 3189 3277 feria
3236 3235 3405 3297 quae
3444 3219 3688 3279 constat

883 3313 1036 3368 ante
1062 3305 1310 3385 palmas
1331 3303 1628 3364 babeant.
1661 3308 1725 3362 et
1755 3299 2077 3363 celebrent
2106 3301 2362 3362 ieiuniis
2381 3299 2745 3379 psalmodiis
2773 3299 2972 3362 missis
2994 3306 3188 3382 atque
3219 3302 3589 3364 elemosinis.
3621 3310 3688 3364 et

884 3389 1053 3474 quod
1081 3392 1405 3452 minimum
1448 3405 1578 3449 non
1617 3387 1727 3448 est.
1759 3386 2215 3448 constituimus.
2246 3394 2315 3446 ut
2343 3383 2518 3446 nulla
2549 3386 2622 3446 sit
2657 3390 2822 3446 inter
2849 3387 2970 3446 nos
2993 3384 3322 3448 discordia.
3353 3391 3419 3448 et
3450 3389 3498 3448 Γι
3537 3387 3686 3448 oriri
3739 3405 3744 3408 ·

884 3479 1187 3556 coeperit.
1216 3476 1404 3537 citius
1416 3463 1885 3536 reconciliando
1907 3471 2232 3533 euellatur.
2264 3470 2333 3532 Si
2350 3472 2495 3551 quis
2514 3473 2679 3532 inter
2705 3472 2828 3531 nos
2850 3469 3018 3552 quod
3051 3472 3207 3534 abfit
3235 3473 3324 3534 ita
3351 3469 3696 3534 obduratus

884 3561 1092 3628 fuerit.
1123 3566 1192 3622 ut
1232 3579 1357 3622 nec
1402 3558 1830 3622 admonitione
1868 3555 2132 3620 duorum
2171 3555 2277 3618 uel
2319 3559 2526 3618 trium.
2572 3562 2679 3619 aut
2715 3563 2892 3618 certe
2934 3559 3140 3618 omnis
3169 3557 3694 3641 congregationis

884 3649 1119 3730 corrigi
1152 3646 1440 3708 noluerit.
1470 3648 1650 3708 iuxta
1677 3642 2061 3705 dominicam
2104 3643 2480 3705 sententiam
2519 3643 2731 3703 nostra
2769 3645 3052 3722 priuetur
3089 3645 3536 3705 conuentione.
3583 3644 3687 3704 In·

886 3733 1073 3812 super
1116 3735 1310 3793 etiam
1346 3731 1580 3812 placuit
1627 3730 1823 3791 nobis.
1865 3735 1933 3788 ut
1976 3728 2176 3789 tribus
2220 3728 2471 3789 uicibus
2523 3730 2589 3789 in
2641 3745 2813 3789 anno
2865 3735 3251 3791 conuentum
3301 3729 3688 3791 haberemus

884 3818 1132 3878 nostras
1165 3815 1246 3878 ad
1290 3814 1698 3896 disputandas
1727 3815 2153 3876 necessitates.
2182 3810 2306 3877 hoc
2345 3819 2450 3876 eet
2476 3814 2543 3876 in
2575 3811 2678 3875 die
2708 3813 2963 3896 quando
2995 3819 3187 3898 caput
3214 3815 3435 3877 ieiunii
3465 3820 3590 3877 eet.
3621 3818 3690 3877 et

888 3901 1019 3964 vm
1046 3900 1130 3963 id.
1160 3903 1291 3963 iun.
1323 3909 1389 3962 et
1417 3901 1525 3960 1111
1554 3916 1704 3961 non.
1735 3899 2030 3961 nouemb.

1622 4083 2062 4168 Burkhart¹)
2108 4108 2291 4162 com.
2326 4083 2530 4160 hitto.
2573 4083 2956 4184 Cvnigunt.

991 4293 994 4296 ·
1070 4275 1213 4354 (fol.
1261 4273 1359 4354 3⁸)
1400 4275 1459 4337 2.
1491 4274 1601 4354 sp.
1640 4275 1697 4336 1.
1740 4273 2050 4336 coms
2090 4275 2259 4337 abba
2295 4270 2526 4336 haicho
2563 4271 2654 4352 ⁸).
2689 4271 3012 4336 Mamm.
3057 4237 3483 4338 Rhodanum.
3522 4275 3696 4338 mut·

891 4367 1093 4424 uuart.
1120 4360 1387 4442 Robing.
1412 4360 1787 4423 Thancmar.
1813 4361 2131 4442 Vuanger.
2154 4361 2353 4422 Betto.
2371 4359 2614 4422 Vualto.
2643 4359 2884 4421 Raban.
2909 4357 3154 4422 Tbioto.
3177 4359 3535 4444 STritgrim.
3562 4361 3695 4422 Me·—
3804 4411 3814 4424 .

891 4449 1209 4530 ginuuart.
1238 4445 1583 4528 Tbrmgoz.
1612 4444 1934 4508 Thiotsrid.
1958 4445 2221 4508 Cristan.
2244 4445 2605 4530 Ebermunt.
2625 4445 2834 4529 Hugo.
2864 4444 3134 4508 Folcrat.
3161 4445 3415 4509 Hildeo.
3443 4445 3706 4507 Eberin:

1038 4623 1087 4688 ι)
1115 4637 1192 4674 ac.
1212 4620 1377 4674 ultae.
1401 4622 1456 4689 ⁸)
1469 4623 1626 4674 Dicae
1652 4622 1771 4673 θεοί
1790 4623 1987 4673 Namen
2005 4622 2126 4673 alud
2146 4635 2255 4674 von
2281 4624 2430 4675 einer
2448 4625 2686 4674 anderen
2706 4623 2858 4673 nand
2875 4623 3244 4690 ‘enchi-leben.
3268 4619 3366 4672 sol.
3391 4619 3450 4671 2·
3472 4621 3544 4671 iat
3562 4621 3695 4672 leer-

894 4693 963 4743 Ει
986 4693 1169 4745 sehlen
1205 4693 1327 4742 also
1363 4693 1447 4742 dle
1474 4692 1673 4742 Name-
1711 4693 1809 4741 der
1832 4691 2067 4754 Nonou,
2090 4692 2297 4742 welche
2328 4699 2490 4742 unter
2512 4692 2616 4742 ΔΜ
2649 4692 2842 4742 Thloto
2867 4695 2996 4754 Jene
3029 4691 3196 4756 Rege!
3225 4695 3384 4739 anter
3413 4689 3528 4740 oieb
3551 4691 3693 4741 seat·

895 4763 1128 4846 stentem
1156 4759 1211 4827 ⁸)
1235 4759 1439 4814 Balcho
1460 4772 1580 4813 var
1602 4761 1708 4810 ΑΜ
1731 4772 1841 4811 von
1865 4757 2173 4810 ⁹1⁸1—o23.
2198 4761 2379 4828 Vei-31.
2402 4761 2596 4812 lllftor.
2621 4761 2772 4810 fuld.
2797 4763 2918 4809 cod.
2945 4759 3153 4822 probat.
3179 4771 3228 4821 p.
3261 4757 3375 4808 142.

3027 4841 3103 4904 21
