<?xml version="1.0" encoding="UTF-8"?>
<!DOCTYPE html PUBLIC "-//W3C//DTD XHTML 1.0 Transitional//EN"
    "http://www.w3.org/TR/xhtml1/DTD/xhtml1-transitional.dtd">
<html xmlns="http://www.w3.org/1999/xhtml" xml:lang="en" lang="en">
 <head>
  <title>
</title>
<meta http-equiv="Content-Type" content="text/html;charset=utf-8" />
  <meta name='ocr-system' content='tesseract 3.04.00' />
  <meta name='ocr-capabilities' content='ocr_page ocr_carea ocr_par ocr_line ocrx_word'/>
</head>
<body>
  <div class='ocr_page' id='page_1' title='image "./traditionesetan03drongoog_0103.png"; bbox 0 0 4821 5976; ppageno 0'>
   <div class='ocr_carea' id='block_1_1' title="bbox 2154 870 3646 955">
    <p class='ocr_par' dir='ltr' id='par_1_1' title="bbox 2154 870 3646 955">
     <span class='ocr_line' id='line_1_1' title="bbox 2154 870 3646 955; baseline -0.001 -19"><span class='ocrx_word' id='word_1_1' title='bbox 2154 872 2305 955; x_wconf 88' lang='lat' dir='ltr'>Cap.</span> <span class='ocrx_word' id='word_1_2' title='bbox 2337 872 2442 936; x_wconf 78' lang='lat'>39.</span> <span class='ocrx_word' id='word_1_3' title='bbox 3555 870 3646 935; x_wconf 68' lang='grc'>81</span> 
     </span>
    </p>
   </div>
   <div class='ocr_carea' id='block_1_2' title="bbox 813 1042 3752 3724">
    <p class='ocr_par' dir='ltr' id='par_1_2' title="bbox 867 1042 3752 1541">
     <span class='ocr_line' id='line_1_2' title="bbox 868 1042 3636 1131; baseline 0.001 -25"><span class='ocrx_word' id='word_1_4' title='bbox 868 1046 1173 1129; x_wconf 73' lang='lat' dir='ltr'>prietates</span> <span class='ocrx_word' id='word_1_5' title='bbox 1214 1046 1359 1107; x_wconf 74' lang='lat' dir='ltr'>mas</span> <span class='ocrx_word' id='word_1_6' title='bbox 1400 1048 1466 1107; x_wconf 86' lang='lat' dir='ltr'>in</span> <span class='ocrx_word' id='word_1_7' title='bbox 1502 1044 1880 1109; x_wconf 80' lang='lat' dir='ltr'>Bnnaho.</span> <span class='ocrx_word' id='word_1_8' title='bbox 1919 1046 2417 1131; x_wconf 81' lang='lat' dir='ltr'>Brahtingen.</span> <span class='ocrx_word' id='word_1_9' title='bbox 2459 1054 2522 1109; x_wconf 86' lang='lat' dir='ltr'>et</span> <span class='ocrx_word' id='word_1_10' title='bbox 2557 1046 2952 1130; x_wconf 82' lang='lat' dir='ltr'>Eibingen.</span> <span class='ocrx_word' id='word_1_11' title='bbox 2999 1042 3058 1125; x_wconf 79' lang='grc' dir='ltr'>Ι)</span> <span class='ocrx_word' id='word_1_12' title='bbox 3109 1046 3545 1110; x_wconf 80' lang='lat' dir='ltr'>Ebelesselt.</span> <span class='ocrx_word' id='word_1_13' title='bbox 3573 1042 3636 1125; x_wconf 63' lang='grc' dir='ltr'>ι)</span> 
     </span>
     <span class='ocr_line' id='line_1_3' title="bbox 868 1128 3644 1215; baseline 0 -22"><span class='ocrx_word' id='word_1_14' title='bbox 868 1132 1379 1215; x_wconf 82' lang='lat' dir='ltr'>Heingesfelt.</span> <span class='ocrx_word' id='word_1_15' title='bbox 1400 1128 1461 1211; x_wconf 76' lang='lat'>¹)</span> <span class='ocrx_word' id='word_1_16' title='bbox 1498 1132 1929 1195; x_wconf 89' lang='lat' dir='ltr'>Leiterbah.</span> <span class='ocrx_word' id='word_1_17' title='bbox 1976 1133 2458 1215; x_wconf 75' lang='lat' dir='ltr'>zaphendorf</span> <span class='ocrx_word' id='word_1_18' title='bbox 2489 1141 2553 1195; x_wconf 87' lang='lat' dir='ltr'>et</span> <span class='ocrx_word' id='word_1_19' title='bbox 2581 1134 2723 1196; x_wconf 77' lang='lat' dir='ltr'>aliis</span> <span class='ocrx_word' id='word_1_20' title='bbox 2741 1134 3099 1195; x_wconf 82' lang='lat' dir='ltr'>locisiuxta</span> <span class='ocrx_word' id='word_1_21' title='bbox 3127 1133 3384 1203; x_wconf 85' lang='lat' dir='ltr'>fluuium</span> <span class='ocrx_word' id='word_1_22' title='bbox 3405 1134 3644 1215; x_wconf 79' lang='lat' dir='ltr'>Moyn.</span> 
     </span>
     <span class='ocr_line' id='line_1_4' title="bbox 1044 1217 3739 1301; baseline 0 -21"><span class='ocrx_word' id='word_1_23' title='bbox 1044 1220 1145 1280; x_wconf 84' lang='grc'>56.</span> <span class='ocrx_word' id='word_1_24' title='bbox 1172 1217 1365 1280; x_wconf 87' lang='lat' dir='ltr'>Gerh</span> <span class='ocrx_word' id='word_1_25' title='bbox 1378 1225 1494 1279; x_wconf 89' lang='lat' dir='ltr'>art</span> <span class='ocrx_word' id='word_1_26' title='bbox 1516 1221 1735 1281; x_wconf 91' lang='lat' dir='ltr'>comes</span> <span class='ocrx_word' id='word_1_27' title='bbox 1757 1220 1913 1282; x_wconf 85' lang='lat' dir='ltr'>trad.</span> <span class='ocrx_word' id='word_1_28' title='bbox 1938 1219 2059 1282; x_wconf 85' lang='lat' dir='ltr'>deo</span> <span class='ocrx_word' id='word_1_29' title='bbox 2082 1228 2147 1283; x_wconf 91' lang='lat' dir='ltr'>et</span> <span class='ocrx_word' id='word_1_30' title='bbox 2174 1237 2293 1281; x_wconf 85' lang='lat' dir='ltr'>sco</span> <span class='ocrx_word' id='word_1_31' title='bbox 2313 1219 2467 1281; x_wconf 88' lang='lat' dir='ltr'>Bon.</span> <span class='ocrx_word' id='word_1_32' title='bbox 2491 1224 2933 1301; x_wconf 68' lang='lat' dir='ltr'><strong>proprietatem</strong></span> <span class='ocrx_word' id='word_1_33' title='bbox 2958 1220 3129 1283; x_wconf 87' lang='lat' dir='ltr'>suam</span> <span class='ocrx_word' id='word_1_34' title='bbox 3155 1223 3220 1281; x_wconf 89' lang='lat' dir='ltr'>in</span> <span class='ocrx_word' id='word_1_35' title='bbox 3249 1221 3390 1283; x_wconf 88' lang='lat' dir='ltr'>loco</span> <span class='ocrx_word' id='word_1_36' title='bbox 3421 1219 3646 1282; x_wconf 87' lang='lat' dir='ltr'>Suin-</span> <span class='ocrx_word' id='word_1_37' title='bbox 3723 1244 3739 1251; x_wconf 87' lang='lat'><strong>·</strong></span> 
     </span>
     <span class='ocr_line' id='line_1_5' title="bbox 867 1301 2602 1387; baseline 0.001 -20"><span class='ocrx_word' id='word_1_38' title='bbox 867 1304 945 1368; x_wconf 81' lang='lat' dir='ltr'>fu</span> <span class='ocrx_word' id='word_1_39' title='bbox 958 1313 1067 1368; x_wconf 87' lang='lat' dir='ltr'>rte</span> <span class='ocrx_word' id='word_1_40' title='bbox 1088 1301 1148 1383; x_wconf 76' lang='lat'>¹)</span> <span class='ocrx_word' id='word_1_41' title='bbox 1182 1323 1324 1367; x_wconf 88' lang='lat' dir='ltr'>eum</span> <span class='ocrx_word' id='word_1_42' title='bbox 1357 1306 1647 1367; x_wconf 89' lang='lat' dir='ltr'>omnibus</span> <span class='ocrx_word' id='word_1_43' title='bbox 1680 1306 2072 1387; x_wconf 83' lang='lat' dir='ltr'>appendiciis</span> <span class='ocrx_word' id='word_1_44' title='bbox 2094 1315 2158 1368; x_wconf 88' lang='lat' dir='ltr'>et</span> <span class='ocrx_word' id='word_1_45' title='bbox 2186 1306 2440 1369; x_wconf 87' lang='lat' dir='ltr'>familiis</span> <span class='ocrx_word' id='word_1_46' title='bbox 2464 1307 2602 1369; x_wconf 78' lang='lat' dir='ltr'>ruis.</span> 
     </span>
     <span class='ocr_line' id='line_1_6' title="bbox 1044 1388 3752 1475; baseline 0 -22"><span class='ocrx_word' id='word_1_47' title='bbox 1044 1394 1146 1453; x_wconf 74' lang='grc'>57.</span> <span class='ocrx_word' id='word_1_48' title='bbox 1179 1390 1521 1453; x_wconf 82' lang='lat' dir='ltr'>Ramuolt</span> <span class='ocrx_word' id='word_1_49' title='bbox 1544 1388 1603 1471; x_wconf 74' lang='lat'>⁵)</span> <span class='ocrx_word' id='word_1_50' title='bbox 1642 1392 1797 1455; x_wconf 88' lang='lat' dir='ltr'>trad.</span> <span class='ocrx_word' id='word_1_51' title='bbox 1830 1392 1951 1455; x_wconf 84' lang='lat' dir='ltr'>deo</span> <span class='ocrx_word' id='word_1_52' title='bbox 1982 1400 2048 1455; x_wconf 90' lang='lat' dir='ltr'>et</span> <span class='ocrx_word' id='word_1_53' title='bbox 2076 1412 2193 1457; x_wconf 89' lang='lat' dir='ltr'>sco</span> <span class='ocrx_word' id='word_1_54' title='bbox 2222 1395 2375 1455; x_wconf 90' lang='lat' dir='ltr'>Bon.</span> <span class='ocrx_word' id='word_1_55' title='bbox 2406 1394 2578 1455; x_wconf 86' lang='lat' dir='ltr'>bona</span> <span class='ocrx_word' id='word_1_56' title='bbox 2606 1394 2812 1456; x_wconf 83' lang='lat' dir='ltr'>suain</span> <span class='ocrx_word' id='word_1_57' title='bbox 2840 1392 2981 1455; x_wconf 89' lang='lat' dir='ltr'>loco</span> <span class='ocrx_word' id='word_1_58' title='bbox 3011 1388 3640 1475; x_wconf 65' lang='lat' dir='ltr'>Eitrungorselm</span> <span class='ocrx_word' id='word_1_59' title='bbox 3749 1462 3752 1465; x_wconf 14' lang='lat'><strong>⁴</strong></span> 
     </span>
     <span class='ocr_line' id='line_1_7' title="bbox 870 1477 1862 1541; baseline 0.002 -2"><span class='ocrx_word' id='word_1_60' title='bbox 870 1496 1013 1540; x_wconf 84' lang='lat' dir='ltr'>cnm</span> <span class='ocrx_word' id='word_1_61' title='bbox 1045 1478 1313 1539; x_wconf 74' lang='lat' dir='ltr'>edificiis</span> <span class='ocrx_word' id='word_1_62' title='bbox 1335 1482 1402 1539; x_wconf 84' lang='lat' dir='ltr'>et</span> <span class='ocrx_word' id='word_1_63' title='bbox 1428 1477 1684 1541; x_wconf 77' lang='lat' dir='ltr'>familiis</span> <span class='ocrx_word' id='word_1_64' title='bbox 1715 1481 1862 1541; x_wconf 86' lang='lat' dir='ltr'>suis.</span> 
     </span>
    </p>

    <p class='ocr_par' dir='ltr' id='par_1_3' title="bbox 1044 1563 3647 1648">
     <span class='ocr_line' id='line_1_8' title="bbox 1044 1563 3647 1648; baseline -0 -22"><span class='ocrx_word' id='word_1_65' title='bbox 1044 1563 1146 1626; x_wconf 84' lang='lat'>58.</span> <span class='ocrx_word' id='word_1_66' title='bbox 1180 1564 1471 1647; x_wconf 85' lang='lat' dir='ltr'>Egilolf</span> <span class='ocrx_word' id='word_1_67' title='bbox 1491 1566 1645 1627; x_wconf 90' lang='lat' dir='ltr'>trad.</span> <span class='ocrx_word' id='word_1_68' title='bbox 1678 1565 1799 1628; x_wconf 87' lang='lat' dir='ltr'>deo</span> <span class='ocrx_word' id='word_1_69' title='bbox 1832 1573 1896 1627; x_wconf 90' lang='lat' dir='ltr'>et</span> <span class='ocrx_word' id='word_1_70' title='bbox 1926 1583 2041 1628; x_wconf 88' lang='lat' dir='ltr'>sco</span> <span class='ocrx_word' id='word_1_71' title='bbox 2062 1565 2217 1627; x_wconf 89' lang='lat' dir='ltr'>Bon.</span> <span class='ocrx_word' id='word_1_72' title='bbox 2246 1567 2416 1628; x_wconf 82' lang='lat' dir='ltr'>hona</span> <span class='ocrx_word' id='word_1_73' title='bbox 2447 1566 2556 1627; x_wconf 76' lang='lat' dir='ltr'>sua</span> <span class='ocrx_word' id='word_1_74' title='bbox 2583 1569 2649 1627; x_wconf 89' lang='lat' dir='ltr'>in</span> <span class='ocrx_word' id='word_1_75' title='bbox 2679 1566 2818 1628; x_wconf 91' lang='lat' dir='ltr'>loco</span> <span class='ocrx_word' id='word_1_76' title='bbox 2839 1564 3238 1648; x_wconf 85' lang='lat' dir='ltr'>Baringen</span> <span class='ocrx_word' id='word_1_77' title='bbox 3267 1572 3647 1644; x_wconf 65' lang='lat' dir='ltr'>nuncupato.</span> 
     </span>
    </p>

    <p class='ocr_par' dir='ltr' id='par_1_4' title="bbox 870 1647 3744 1816">
     <span class='ocr_line' id='line_1_9' title="bbox 1046 1647 3744 1735; baseline 0 -24"><span class='ocrx_word' id='word_1_78' title='bbox 1046 1650 1145 1712; x_wconf 80' lang='lat'>59.</span> <span class='ocrx_word' id='word_1_79' title='bbox 1178 1650 1317 1733; x_wconf 78' lang='lat' dir='ltr'>Ego</span> <span class='ocrx_word' id='word_1_80' title='bbox 1344 1652 1519 1713; x_wconf 85' lang='lat' dir='ltr'>Atto</span> <span class='ocrx_word' id='word_1_81' title='bbox 1550 1652 1771 1714; x_wconf 82' lang='lat' dir='ltr'>tradidi</span> <span class='ocrx_word' id='word_1_82' title='bbox 1802 1652 1923 1715; x_wconf 83' lang='lat' dir='ltr'>deo</span> <span class='ocrx_word' id='word_1_83' title='bbox 1954 1660 2018 1713; x_wconf 87' lang='lat' dir='ltr'>et</span> <span class='ocrx_word' id='word_1_84' title='bbox 2048 1670 2164 1714; x_wconf 78' lang='lat' dir='ltr'>sco</span> <span class='ocrx_word' id='word_1_85' title='bbox 2193 1652 2345 1715; x_wconf 87' lang='lat' dir='ltr'>Bon.</span> <span class='ocrx_word' id='word_1_86' title='bbox 2379 1670 2630 1716; x_wconf 89' lang='lat' dir='ltr'>omnem</span> <span class='ocrx_word' id='word_1_87' title='bbox 2657 1656 3102 1735; x_wconf 74' lang='lat' dir='ltr'><strong>proprietatem</strong></span> <span class='ocrx_word' id='word_1_88' title='bbox 3131 1654 3197 1713; x_wconf 89' lang='lat' dir='ltr'>in</span> <span class='ocrx_word' id='word_1_89' title='bbox 3228 1650 3376 1713; x_wconf 85' lang='lat' dir='ltr'>uilla</span> <span class='ocrx_word' id='word_1_90' title='bbox 3405 1650 3652 1732; x_wconf 82' lang='lat' dir='ltr'>Oppa·</span> <span class='ocrx_word' id='word_1_91' title='bbox 3737 1647 3744 1655; x_wconf 84' lang='grc'><em>“</em></span> 
     </span>
     <span class='ocr_line' id='line_1_10' title="bbox 870 1732 2398 1816; baseline 0.001 -17"><span class='ocrx_word' id='word_1_92' title='bbox 870 1736 1015 1800; x_wconf 85' lang='lat' dir='ltr'>hen</span> <span class='ocrx_word' id='word_1_93' title='bbox 1036 1732 1095 1816; x_wconf 61' lang='grc' dir='ltr'>ἵ)</span> <span class='ocrx_word' id='word_1_94' title='bbox 1136 1756 1280 1802; x_wconf 80' lang='lat' dir='ltr'>cum</span> <span class='ocrx_word' id='word_1_95' title='bbox 1310 1740 1481 1799; x_wconf 84' lang='lat' dir='ltr'>omni</span> <span class='ocrx_word' id='word_1_96' title='bbox 1509 1738 1747 1801; x_wconf 89' lang='lat' dir='ltr'>familia</span> <span class='ocrx_word' id='word_1_97' title='bbox 1776 1746 1840 1800; x_wconf 88' lang='lat' dir='ltr'>et</span> <span class='ocrx_word' id='word_1_98' title='bbox 1868 1739 2207 1802; x_wconf 86' lang='lat' dir='ltr'>substantia</span> <span class='ocrx_word' id='word_1_99' title='bbox 2232 1758 2398 1802; x_wconf 88' lang='lat' dir='ltr'>mea.</span> 
     </span>
    </p>

    <p class='ocr_par' dir='ltr' id='par_1_5' title="bbox 870 1822 3654 1995">
     <span class='ocr_line' id='line_1_11' title="bbox 1044 1822 3654 1907; baseline -0 -22"><span class='ocrx_word' id='word_1_100' title='bbox 1044 1824 1147 1885; x_wconf 87' lang='grc'>60.</span> <span class='ocrx_word' id='word_1_101' title='bbox 1178 1822 1595 1905; x_wconf 75' lang='lat' dir='ltr'>Brunin00)</span> <span class='ocrx_word' id='word_1_102' title='bbox 1626 1824 1782 1887; x_wconf 86' lang='lat' dir='ltr'>trad.</span> <span class='ocrx_word' id='word_1_103' title='bbox 1813 1843 1927 1907; x_wconf 88' lang='lat' dir='ltr'>pro</span> <span class='ocrx_word' id='word_1_104' title='bbox 1959 1828 2024 1887; x_wconf 88' lang='lat' dir='ltr'>se</span> <span class='ocrx_word' id='word_1_105' title='bbox 2055 1834 2119 1887; x_wconf 87' lang='lat' dir='ltr'>et</span> <span class='ocrx_word' id='word_1_106' title='bbox 2156 1844 2269 1907; x_wconf 91' lang='lat' dir='ltr'>pro</span> <span class='ocrx_word' id='word_1_107' title='bbox 2302 1830 2516 1888; x_wconf 87' lang='lat' dir='ltr'>anima</span> <span class='ocrx_word' id='word_1_108' title='bbox 2557 1826 2955 1891; x_wconf 86' lang='lat' dir='ltr'>uuihmute</span> <span class='ocrx_word' id='word_1_109' title='bbox 2995 1824 3214 1887; x_wconf 85' lang='lat' dir='ltr'>uxoris</span> <span class='ocrx_word' id='word_1_110' title='bbox 3251 1825 3359 1885; x_wconf 86' lang='lat' dir='ltr'>sue</span> <span class='ocrx_word' id='word_1_111' title='bbox 3405 1840 3654 1885; x_wconf 80' lang='lat' dir='ltr'>omnem</span> 
     </span>
     <span class='ocr_line' id='line_1_12' title="bbox 870 1908 3538 1995; baseline -0 -24"><span class='ocrx_word' id='word_1_112' title='bbox 870 1914 1317 1991; x_wconf 66' lang='lat' dir='ltr'>proprietatem</span> <span class='ocrx_word' id='word_1_113' title='bbox 1349 1912 1542 1973; x_wconf 77' lang='lat' dir='ltr'>mam.</span> <span class='ocrx_word' id='word_1_114' title='bbox 1574 1919 1639 1973; x_wconf 84' lang='lat' dir='ltr'>et</span> <span class='ocrx_word' id='word_1_115' title='bbox 1666 1930 1861 1974; x_wconf 84' lang='lat' dir='ltr'>unum</span> <span class='ocrx_word' id='word_1_116' title='bbox 1890 1914 2191 1975; x_wconf 86' lang='lat' dir='ltr'>clericum</span> <span class='ocrx_word' id='word_1_117' title='bbox 2212 1916 2468 1975; x_wconf 86' lang='lat' dir='ltr'>nomine</span> <span class='ocrx_word' id='word_1_118' title='bbox 2497 1914 2760 1995; x_wconf 76' lang='lat' dir='ltr'>Regini</span> <span class='ocrx_word' id='word_1_119' title='bbox 2776 1920 2910 1974; x_wconf 88' lang='lat' dir='ltr'>unt</span> <span class='ocrx_word' id='word_1_120' title='bbox 2937 1926 3081 1975; x_wconf 85' lang='lat' dir='ltr'>cum</span> <span class='ocrx_word' id='word_1_121' title='bbox 3113 1908 3254 1973; x_wconf 79' lang='lat' dir='ltr'>aliis</span> <span class='ocrx_word' id='word_1_122' title='bbox 3275 1908 3538 1971; x_wconf 75' lang='lat' dir='ltr'>famulis.</span> 
     </span>
    </p>

    <p class='ocr_par' dir='ltr' id='par_1_6' title="bbox 870 1994 3653 2165">
     <span class='ocr_line' id='line_1_13' title="bbox 1044 1994 3653 2082; baseline -0.001 -23"><span class='ocrx_word' id='word_1_123' title='bbox 1044 1997 1146 2059; x_wconf 86' lang='grc'>61.</span> <span class='ocrx_word' id='word_1_124' title='bbox 1176 1996 1451 2059; x_wconf 86' lang='lat' dir='ltr'>Tradidit</span> <span class='ocrx_word' id='word_1_125' title='bbox 1478 1998 1903 2082; x_wconf 83' lang='lat' dir='ltr'>Liutburga</span> <span class='ocrx_word' id='word_1_126' title='bbox 1935 1997 2002 2078; x_wconf 68' lang='grc' dir='ltr'>υ)</span> <span class='ocrx_word' id='word_1_127' title='bbox 2048 2018 2165 2080; x_wconf 89' lang='lat' dir='ltr'>per</span> <span class='ocrx_word' id='word_1_128' title='bbox 2206 2019 2464 2062; x_wconf 88' lang='lat' dir='ltr'>manum</span> <span class='ocrx_word' id='word_1_129' title='bbox 2507 1998 2927 2062; x_wconf 87' lang='lat' dir='ltr'>Adelhelmi</span> <span class='ocrx_word' id='word_1_130' title='bbox 2972 2000 3142 2060; x_wconf 86' lang='lat' dir='ltr'>bona</span> <span class='ocrx_word' id='word_1_131' title='bbox 3177 2014 3300 2059; x_wconf 82' lang='lat' dir='ltr'>sua</span> <span class='ocrx_word' id='word_1_132' title='bbox 3341 2014 3460 2059; x_wconf 89' lang='lat' dir='ltr'>sco</span> <span class='ocrx_word' id='word_1_133' title='bbox 3500 1994 3653 2057; x_wconf 81' lang='lat' dir='ltr'>Bon.</span> 
     </span>
     <span class='ocr_line' id='line_1_14' title="bbox 870 2086 1693 2165; baseline -0.001 -19"><span class='ocrx_word' id='word_1_134' title='bbox 870 2101 1015 2146; x_wconf 87' lang='lat' dir='ltr'>cum</span> <span class='ocrx_word' id='word_1_135' title='bbox 1046 2089 1189 2145; x_wconf 87' lang='lat' dir='ltr'>octo</span> <span class='ocrx_word' id='word_1_136' title='bbox 1216 2086 1575 2165; x_wconf 74' lang='lat' dir='ltr'><strong>mancipiis.</strong></span> <span class='ocrx_word' id='word_1_137' title='bbox 1680 2108 1693 2121; x_wconf 89' lang='lat'><strong>·</strong></span> 
     </span>
    </p>

    <p class='ocr_par' dir='ltr' id='par_1_7' title="bbox 813 2168 3656 2340">
     <span class='ocr_line' id='line_1_15' title="bbox 1045 2168 3656 2251; baseline 0 -21"><span class='ocrx_word' id='word_1_138' title='bbox 1045 2171 1147 2231; x_wconf 81' lang='grc'>62.</span> <span class='ocrx_word' id='word_1_139' title='bbox 1178 2169 1453 2232; x_wconf 87' lang='lat' dir='ltr'>Tradidit</span> <span class='ocrx_word' id='word_1_140' title='bbox 1480 2169 1719 2234; x_wconf 84' lang='lat' dir='ltr'>Burch</span> <span class='ocrx_word' id='word_1_141' title='bbox 1732 2178 1863 2233; x_wconf 80' lang='lat' dir='ltr'>art.</span> <span class='ocrx_word' id='word_1_142' title='bbox 1896 2178 1961 2233; x_wconf 89' lang='lat' dir='ltr'>et</span> <span class='ocrx_word' id='word_1_143' title='bbox 1977 2190 2140 2234; x_wconf 85' lang='lat' dir='ltr'>uxor</span> <span class='ocrx_word' id='word_1_144' title='bbox 2158 2175 2299 2235; x_wconf 86' lang='lat' dir='ltr'>eius</span> <span class='ocrx_word' id='word_1_145' title='bbox 2329 2172 2756 2236; x_wconf 79' lang='lat' dir='ltr'>srvowerat</span> <span class='ocrx_word' id='word_1_146' title='bbox 2781 2169 2871 2251; x_wconf 77' lang='lat'>¹⁹)</span> <span class='ocrx_word' id='word_1_147' title='bbox 2896 2188 3012 2233; x_wconf 89' lang='lat' dir='ltr'>sco</span> <span class='ocrx_word' id='word_1_148' title='bbox 3033 2170 3186 2232; x_wconf 88' lang='lat' dir='ltr'>Bon.</span> <span class='ocrx_word' id='word_1_149' title='bbox 3203 2186 3456 2245; x_wconf 82' lang='lat' dir='ltr'>omnem</span> <span class='ocrx_word' id='word_1_150' title='bbox 3471 2168 3656 2231; x_wconf 84' lang='lat' dir='ltr'>herc·-</span> 
     </span>
     <span class='ocr_line' id='line_1_16' title="bbox 813 2256 2880 2340; baseline 0.001 -23"><span class='ocrx_word' id='word_1_151' title='bbox 813 2320 827 2326; x_wconf 67' lang='grc'>,</span> <span class='ocrx_word' id='word_1_152' title='bbox 872 2256 1129 2318; x_wconf 76' lang='lat' dir='ltr'>(litatem</span> <span class='ocrx_word' id='word_1_153' title='bbox 1159 2274 1343 2318; x_wconf 87' lang='lat' dir='ltr'>suam</span> <span class='ocrx_word' id='word_1_154' title='bbox 1376 2259 1441 2317; x_wconf 89' lang='lat' dir='ltr'>in</span> <span class='ocrx_word' id='word_1_155' title='bbox 1468 2257 1846 2320; x_wconf 80' lang='lat' dir='ltr'>Atihnscn</span> <span class='ocrx_word' id='word_1_156' title='bbox 1876 2276 2018 2321; x_wconf 84' lang='lat' dir='ltr'>cum</span> <span class='ocrx_word' id='word_1_157' title='bbox 2049 2258 2337 2321; x_wconf 83' lang='lat' dir='ltr'>domibus</span> <span class='ocrx_word' id='word_1_158' title='bbox 2368 2267 2434 2340; x_wconf 79' lang='lat' dir='ltr'>et</span> <span class='ocrx_word' id='word_1_159' title='bbox 2461 2260 2716 2323; x_wconf 82' lang='lat' dir='ltr'>familiis</span> <span class='ocrx_word' id='word_1_160' title='bbox 2731 2260 2880 2321; x_wconf 89' lang='lat' dir='ltr'>suis.</span> 
     </span>
    </p>

    <p class='ocr_par' dir='ltr' id='par_1_8' title="bbox 870 2339 3657 2599">
     <span class='ocr_line' id='line_1_17' title="bbox 1046 2339 3657 2426; baseline 0 -23"><span class='ocrx_word' id='word_1_161' title='bbox 1046 2342 1148 2403; x_wconf 80' lang='lat'>63.</span> <span class='ocrx_word' id='word_1_162' title='bbox 1176 2342 1381 2404; x_wconf 82' lang='lat' dir='ltr'>Suan</span> <span class='ocrx_word' id='word_1_163' title='bbox 1396 2344 1627 2406; x_wconf 81' lang='lat' dir='ltr'>aburc</span> <span class='ocrx_word' id='word_1_164' title='bbox 1649 2361 1793 2406; x_wconf 89' lang='lat' dir='ltr'>cum</span> <span class='ocrx_word' id='word_1_165' title='bbox 1817 2345 2121 2407; x_wconf 85' lang='lat' dir='ltr'>consensu</span> <span class='ocrx_word' id='word_1_166' title='bbox 2144 2346 2407 2408; x_wconf 84' lang='lat' dir='ltr'>liliorum</span> <span class='ocrx_word' id='word_1_167' title='bbox 2434 2354 2496 2407; x_wconf 88' lang='lat' dir='ltr'>et</span> <span class='ocrx_word' id='word_1_168' title='bbox 2517 2352 2842 2426; x_wconf 88' lang='lat' dir='ltr'>parentum</span> <span class='ocrx_word' id='word_1_169' title='bbox 2869 2345 3114 2405; x_wconf 82' lang='lat' dir='ltr'>suorum</span> <span class='ocrx_word' id='word_1_170' title='bbox 3139 2339 3292 2403; x_wconf 87' lang='lat' dir='ltr'>trad.</span> <span class='ocrx_word' id='word_1_171' title='bbox 3309 2340 3430 2403; x_wconf 86' lang='lat' dir='ltr'>deo</span> <span class='ocrx_word' id='word_1_172' title='bbox 3455 2346 3519 2403; x_wconf 88' lang='lat' dir='ltr'>et</span> <span class='ocrx_word' id='word_1_173' title='bbox 3539 2352 3657 2403; x_wconf 82' lang='lat' dir='ltr'>aco</span> 
     </span>
     <span class='ocr_line' id='line_1_18' title="bbox 870 2422 3656 2513; baseline 0 -24"><span class='ocrx_word' id='word_1_174' title='bbox 870 2428 1025 2489; x_wconf 86' lang='lat' dir='ltr'>Bon.</span> <span class='ocrx_word' id='word_1_175' title='bbox 1058 2446 1309 2491; x_wconf 83' lang='lat' dir='ltr'>omnem</span> <span class='ocrx_word' id='word_1_176' title='bbox 1332 2432 1775 2510; x_wconf 78' lang='lat' dir='ltr'>proprietatem</span> <span class='ocrx_word' id='word_1_177' title='bbox 1802 2431 1975 2493; x_wconf 83' lang='lat' dir='ltr'>suam</span> <span class='ocrx_word' id='word_1_178' title='bbox 1998 2434 2065 2493; x_wconf 87' lang='lat' dir='ltr'>in</span> <span class='ocrx_word' id='word_1_179' title='bbox 2080 2432 2469 2494; x_wconf 82' lang='lat' dir='ltr'>&#39;suncdorf</span> <span class='ocrx_word' id='word_1_180' title='bbox 2485 2430 2574 2513; x_wconf 83' lang='lat'>¹¹)</span> <span class='ocrx_word' id='word_1_181' title='bbox 2613 2438 2678 2493; x_wconf 88' lang='lat' dir='ltr'>et</span> <span class='ocrx_word' id='word_1_182' title='bbox 2698 2428 3372 2502; x_wconf 83' lang='lat' dir='ltr'>Ditericheshuscn</span> <span class='ocrx_word' id='word_1_183' title='bbox 3397 2422 3486 2506; x_wconf 86' lang='lat'>¹²)</span> <span class='ocrx_word' id='word_1_184' title='bbox 3513 2446 3656 2491; x_wconf 90' lang='lat' dir='ltr'>cum</span> 
     </span>
     <span class='ocr_line' id='line_1_19' title="bbox 870 2514 2518 2599; baseline 0.004 -24"><span class='ocrx_word' id='word_1_185' title='bbox 870 2517 1217 2595; x_wconf 73' lang='lat' dir='ltr'>mancipiis.</span> <span class='ocrx_word' id='word_1_186' title='bbox 1250 2514 1519 2577; x_wconf 83' lang='lat' dir='ltr'>edificiis</span> <span class='ocrx_word' id='word_1_187' title='bbox 1540 2518 1893 2599; x_wconf 82' lang='lat' dir='ltr'>ceterisque</span> <span class='ocrx_word' id='word_1_188' title='bbox 1922 2518 2323 2580; x_wconf 79' lang='lat' dir='ltr'>facultatibus</span> <span class='ocrx_word' id='word_1_189' title='bbox 2355 2520 2518 2581; x_wconf 87' lang='lat' dir='ltr'>suis.</span> 
     </span>
    </p>

    <p class='ocr_par' dir='ltr' id='par_1_9' title="bbox 872 2597 3666 2858">
     <span class='ocr_line' id='line_1_20' title="bbox 1052 2597 3666 2684; baseline -0.002 -21"><span class='ocrx_word' id='word_1_190' title='bbox 1052 2600 1231 2680; x_wconf 70' lang='lat'>(93⁸)</span> <span class='ocrx_word' id='word_1_191' title='bbox 1272 2603 1374 2664; x_wconf 86' lang='grc'>64.</span> <span class='ocrx_word' id='word_1_192' title='bbox 1406 2602 1752 2684; x_wconf 77' lang='lat' dir='ltr'>Engilrih</span> <span class='ocrx_word' id='word_1_193' title='bbox 1780 2622 2001 2666; x_wconf 88' lang='lat' dir='ltr'>comes</span> <span class='ocrx_word' id='word_1_194' title='bbox 2040 2605 2197 2667; x_wconf 82' lang='lat' dir='ltr'>trad.</span> <span class='ocrx_word' id='word_1_195' title='bbox 2230 2605 2353 2668; x_wconf 82' lang='lat' dir='ltr'>deo</span> <span class='ocrx_word' id='word_1_196' title='bbox 2384 2612 2450 2667; x_wconf 88' lang='lat' dir='ltr'>et</span> <span class='ocrx_word' id='word_1_197' title='bbox 2479 2622 2595 2667; x_wconf 88' lang='lat' dir='ltr'>sco</span> <span class='ocrx_word' id='word_1_198' title='bbox 2625 2604 2780 2666; x_wconf 89' lang='lat' dir='ltr'>Bon.</span> <span class='ocrx_word' id='word_1_199' title='bbox 2811 2600 3228 2683; x_wconf 76' lang='lat' dir='ltr'>proprietates</span> <span class='ocrx_word' id='word_1_200' title='bbox 3249 2597 3394 2662; x_wconf 85' lang='lat' dir='ltr'>suas</span> <span class='ocrx_word' id='word_1_201' title='bbox 3415 2602 3480 2661; x_wconf 89' lang='lat' dir='ltr'>in</span> <span class='ocrx_word' id='word_1_202' title='bbox 3509 2599 3666 2661; x_wconf 86' lang='lat' dir='ltr'>locis</span> 
     </span>
     <span class='ocr_line' id='line_1_21' title="bbox 872 2682 3651 2771; baseline -0.001 -21"><span class='ocrx_word' id='word_1_203' title='bbox 872 2688 973 2750; x_wconf 89' lang='lat' dir='ltr'>his</span> <span class='ocrx_word' id='word_1_204' title='bbox 1016 2684 1528 2771; x_wconf 81' lang='lat' dir='ltr'>Baringen.¹⁸)</span> <span class='ocrx_word' id='word_1_205' title='bbox 1569 2688 1915 2752; x_wconf 78' lang='lat' dir='ltr'>ostheim.</span> <span class='ocrx_word' id='word_1_206' title='bbox 1950 2690 2355 2753; x_wconf 89' lang='lat' dir='ltr'>Suntheim.</span> <span class='ocrx_word' id='word_1_207' title='bbox 2386 2691 2784 2753; x_wconf 79' lang='lat' dir='ltr'>Northeim.</span> <span class='ocrx_word' id='word_1_208' title='bbox 2807 2688 3226 2751; x_wconf 88' lang='lat' dir='ltr'>Westheim.</span> <span class='ocrx_word' id='word_1_209' title='bbox 3257 2682 3651 2767; x_wconf 75' lang='lat' dir='ltr'>Elespe.¹¹)</span> 
     </span>
     <span class='ocr_line' id='line_1_22' title="bbox 872 2771 3618 2858; baseline -0.001 -21"><span class='ocrx_word' id='word_1_210' title='bbox 872 2771 1471 2854; x_wconf 63' lang='lat' dir='ltr'>Mittilindorflfv)</span> <span class='ocrx_word' id='word_1_211' title='bbox 1509 2791 1654 2837; x_wconf 92' lang='lat' dir='ltr'>cum</span> <span class='ocrx_word' id='word_1_212' title='bbox 1688 2775 1979 2840; x_wconf 87' lang='lat' dir='ltr'>omnibus</span> <span class='ocrx_word' id='word_1_213' title='bbox 2010 2776 2385 2841; x_wconf 86' lang='lat' dir='ltr'>adiacentiis</span> <span class='ocrx_word' id='word_1_214' title='bbox 2406 2786 2474 2840; x_wconf 89' lang='lat' dir='ltr'>et</span> <span class='ocrx_word' id='word_1_215' title='bbox 2501 2776 2834 2858; x_wconf 74' lang='lat' dir='ltr'>mancipiis</span> <span class='ocrx_word' id='word_1_216' title='bbox 2863 2782 3054 2857; x_wconf 88' lang='lat' dir='ltr'>atque</span> <span class='ocrx_word' id='word_1_217' title='bbox 3085 2774 3438 2836; x_wconf 73' lang='lat' dir='ltr'>substantiis</span> <span class='ocrx_word' id='word_1_218' title='bbox 3469 2774 3618 2833; x_wconf 80' lang='lat' dir='ltr'>suia.</span> 
     </span>
    </p>

    <p class='ocr_par' dir='ltr' id='par_1_10' title="bbox 872 2858 3662 3036">
     <span class='ocr_line' id='line_1_23' title="bbox 1046 2858 3662 2944; baseline -0.001 -21"><span class='ocrx_word' id='word_1_219' title='bbox 1046 2858 1148 2923; x_wconf 85' lang='grc'>65.</span> <span class='ocrx_word' id='word_1_220' title='bbox 1166 2862 1219 2922; x_wconf 83' lang='grc' dir='ltr'><strong>Η</strong></span> <span class='ocrx_word' id='word_1_221' title='bbox 1234 2860 1423 2924; x_wconf 89' lang='lat' dir='ltr'>acho</span> <span class='ocrx_word' id='word_1_222' title='bbox 1445 2861 1602 2925; x_wconf 83' lang='lat' dir='ltr'>trad.</span> <span class='ocrx_word' id='word_1_223' title='bbox 1626 2880 1741 2944; x_wconf 91' lang='lat' dir='ltr'>pro</span> <span class='ocrx_word' id='word_1_224' title='bbox 1767 2867 1979 2927; x_wconf 88' lang='lat' dir='ltr'>anima</span> <span class='ocrx_word' id='word_1_225' title='bbox 2000 2866 2213 2927; x_wconf 76' lang='lat' dir='ltr'>matris</span> <span class='ocrx_word' id='word_1_226' title='bbox 2229 2866 2341 2927; x_wconf 87' lang='lat' dir='ltr'>sue</span> <span class='ocrx_word' id='word_1_227' title='bbox 2358 2858 2694 2927; x_wconf 66' lang='lat' dir='ltr'>wilmfite</span> <span class='ocrx_word' id='word_1_228' title='bbox 2717 2860 2806 2942; x_wconf 78' lang='lat'>¹⁸)</span> <span class='ocrx_word' id='word_1_229' title='bbox 2829 2860 3200 2924; x_wconf 82' lang='lat' dir='ltr'>uenerande</span> <span class='ocrx_word' id='word_1_230' title='bbox 3230 2867 3518 2922; x_wconf 84' lang='lat' dir='ltr'>matrone</span> <span class='ocrx_word' id='word_1_231' title='bbox 3545 2873 3662 2921; x_wconf 84' lang='lat' dir='ltr'>sco</span> 
     </span>
     <span class='ocr_line' id='line_1_24' title="bbox 872 2946 3598 3036; baseline -0.001 -27"><span class='ocrx_word' id='word_1_232' title='bbox 872 2947 1506 3030; x_wconf 57' lang='lat' dir='ltr'>Bomoi-„optimatem</span> <span class='ocrx_word' id='word_1_233' title='bbox 1538 2951 1723 3012; x_wconf 87' lang='lat' dir='ltr'>suam.</span> <span class='ocrx_word' id='word_1_234' title='bbox 1742 2952 1806 3014; x_wconf 87' lang='lat' dir='ltr'>in</span> <span class='ocrx_word' id='word_1_235' title='bbox 1837 2952 2193 3036; x_wconf 77' lang='lat' dir='ltr'>graphelt</span> <span class='ocrx_word' id='word_1_236' title='bbox 2223 2970 2365 3014; x_wconf 84' lang='lat' dir='ltr'>cum</span> <span class='ocrx_word' id='word_1_237' title='bbox 2398 2952 2636 3032; x_wconf 86' lang='lat' dir='ltr'>septem</span> <span class='ocrx_word' id='word_1_238' title='bbox 2667 2952 3001 3032; x_wconf 74' lang='lat' dir='ltr'>mancipiis</span> <span class='ocrx_word' id='word_1_239' title='bbox 3031 2949 3353 3028; x_wconf 86' lang='lat' dir='ltr'>utriusque</span> <span class='ocrx_word' id='word_1_240' title='bbox 3386 2946 3598 3008; x_wconf 82' lang='lat' dir='ltr'>sexus.</span> 
     </span>
    </p>

    <p class='ocr_par' dir='ltr' id='par_1_11' title="bbox 874 3031 3661 3204">
     <span class='ocr_line' id='line_1_25' title="bbox 1049 3031 3661 3121; baseline -0.001 -24"><span class='ocrx_word' id='word_1_241' title='bbox 1049 3037 1151 3097; x_wconf 90' lang='grc'>66.</span> <span class='ocrx_word' id='word_1_242' title='bbox 1184 3035 1565 3117; x_wconf 76' lang='lat' dir='ltr'>Gozpraht</span> <span class='ocrx_word' id='word_1_243' title='bbox 1586 3037 1741 3099; x_wconf 88' lang='lat' dir='ltr'>trad.</span> <span class='ocrx_word' id='word_1_244' title='bbox 1768 3038 1977 3104; x_wconf 60' lang='lat' dir='ltr'>demet</span> <span class='ocrx_word' id='word_1_245' title='bbox 2000 3055 2116 3099; x_wconf 90' lang='lat' dir='ltr'>sco</span> <span class='ocrx_word' id='word_1_246' title='bbox 2130 3039 2285 3099; x_wconf 86' lang='lat' dir='ltr'>Bon.</span> <span class='ocrx_word' id='word_1_247' title='bbox 2307 3039 2373 3100; x_wconf 87' lang='lat' dir='ltr'>X.</span> <span class='ocrx_word' id='word_1_248' title='bbox 2398 3041 2626 3121; x_wconf 82' lang='lat' dir='ltr'>iugera</span> <span class='ocrx_word' id='word_1_249' title='bbox 2647 3037 2710 3098; x_wconf 86' lang='lat' dir='ltr'>in</span> <span class='ocrx_word' id='word_1_250' title='bbox 2735 3038 2883 3099; x_wconf 84' lang='lat' dir='ltr'>nilla</span> <span class='ocrx_word' id='word_1_251' title='bbox 2910 3036 2958 3097; x_wconf 93' lang='lat' dir='ltr'>L</span> <span class='ocrx_word' id='word_1_252' title='bbox 2969 3051 3270 3118; x_wconf 84' lang='lat' dir='ltr'>yrunga</span> <span class='ocrx_word' id='word_1_253' title='bbox 3291 3031 3380 3113; x_wconf 75' lang='lat' dir='ltr'>r⁸)</span> <span class='ocrx_word' id='word_1_254' title='bbox 3412 3039 3661 3094; x_wconf 79' lang='lat' dir='ltr'>uocata.</span> 
     </span>
     <span class='ocr_line' id='line_1_26' title="bbox 874 3121 3122 3204; baseline 0 -20"><span class='ocrx_word' id='word_1_255' title='bbox 874 3124 938 3184; x_wconf 85' lang='lat' dir='ltr'>in</span> <span class='ocrx_word' id='word_1_256' title='bbox 967 3124 1255 3184; x_wconf 87' lang='lat' dir='ltr'>terminis</span> <span class='ocrx_word' id='word_1_257' title='bbox 1287 3123 1819 3204; x_wconf 81' lang='lat' dir='ltr'>grapphelden</span> <span class='ocrx_word' id='word_1_258' title='bbox 1848 3121 1937 3200; x_wconf 78' lang='lat'>¹⁸)</span> <span class='ocrx_word' id='word_1_259' title='bbox 1975 3124 2109 3185; x_wconf 83' lang='lat' dir='ltr'>fita.</span> <span class='ocrx_word' id='word_1_260' title='bbox 2533 3125 2536 3128; x_wconf 79' lang='grc'><strong>’</strong></span> <span class='ocrx_word' id='word_1_261' title='bbox 3113 3133 3122 3151; x_wconf 84' lang='grc'><em>’</em></span> 
     </span>
    </p>

    <p class='ocr_par' dir='ltr' id='par_1_12' title="bbox 878 3203 3664 3374">
     <span class='ocr_line' id='line_1_27' title="bbox 1048 3203 3664 3290; baseline -0.001 -22"><span class='ocrx_word' id='word_1_262' title='bbox 1048 3210 1149 3269; x_wconf 89' lang='grc'>67.</span> <span class='ocrx_word' id='word_1_263' title='bbox 1181 3209 1655 3270; x_wconf 82' lang='lat' dir='ltr'>Yrminhraht</span> <span class='ocrx_word' id='word_1_264' title='bbox 1684 3209 1841 3272; x_wconf 87' lang='lat' dir='ltr'>trad.</span> <span class='ocrx_word' id='word_1_265' title='bbox 1873 3210 1993 3271; x_wconf 87' lang='lat' dir='ltr'>deo</span> <span class='ocrx_word' id='word_1_266' title='bbox 2040 3216 2104 3272; x_wconf 91' lang='lat' dir='ltr'>et</span> <span class='ocrx_word' id='word_1_267' title='bbox 2133 3223 2251 3272; x_wconf 85' lang='lat' dir='ltr'>sco</span> <span class='ocrx_word' id='word_1_268' title='bbox 2288 3209 2442 3271; x_wconf 82' lang='lat' dir='ltr'>Bon.</span> <span class='ocrx_word' id='word_1_269' title='bbox 2473 3207 2890 3290; x_wconf 81' lang='lat' dir='ltr'>proprietates</span> <span class='ocrx_word' id='word_1_270' title='bbox 2914 3208 3060 3268; x_wconf 87' lang='lat' dir='ltr'>suas</span> <span class='ocrx_word' id='word_1_271' title='bbox 3091 3211 3154 3266; x_wconf 91' lang='lat' dir='ltr'>in</span> <span class='ocrx_word' id='word_1_272' title='bbox 3187 3203 3664 3288; x_wconf 81' lang='lat' dir='ltr'>graphelden</span> 
     </span>
     <span class='ocr_line' id='line_1_28' title="bbox 878 3295 1733 3374; baseline 0.002 -20"><span class='ocrx_word' id='word_1_273' title='bbox 878 3295 1024 3356; x_wconf 74' lang='lat' dir='ltr'>sitas</span> <span class='ocrx_word' id='word_1_274' title='bbox 1046 3311 1189 3355; x_wconf 84' lang='lat' dir='ltr'>cnm</span> <span class='ocrx_word' id='word_1_275' title='bbox 1218 3297 1555 3374; x_wconf 71' lang='lat' dir='ltr'>mancipiis</span> <span class='ocrx_word' id='word_1_276' title='bbox 1588 3295 1733 3356; x_wconf 67' lang='grc' dir='ltr'>ΜΠ.</span> 
     </span>
    </p>

    <p class='ocr_par' dir='ltr' id='par_1_13' title="bbox 872 3377 3663 3548">
     <span class='ocr_line' id='line_1_29' title="bbox 1046 3377 3663 3464; baseline -0.002 -22"><span class='ocrx_word' id='word_1_277' title='bbox 1046 3380 1148 3442; x_wconf 88' lang='grc'>68.</span> <span class='ocrx_word' id='word_1_278' title='bbox 1188 3381 1454 3463; x_wconf 85' lang='lat' dir='ltr'>Ditger</span> <span class='ocrx_word' id='word_1_279' title='bbox 1494 3378 1583 3460; x_wconf 79' lang='lat'>¹⁸)</span> <span class='ocrx_word' id='word_1_280' title='bbox 1630 3381 1941 3444; x_wconf 55' lang='lat' dir='ltr'>trad-deo</span> <span class='ocrx_word' id='word_1_281' title='bbox 1986 3390 2051 3444; x_wconf 86' lang='lat' dir='ltr'>et</span> <span class='ocrx_word' id='word_1_282' title='bbox 2090 3400 2205 3464; x_wconf 79' lang='lat' dir='ltr'>sco</span> <span class='ocrx_word' id='word_1_283' title='bbox 2246 3382 2400 3444; x_wconf 89' lang='lat' dir='ltr'>Bon.</span> <span class='ocrx_word' id='word_1_284' title='bbox 2432 3399 2622 3444; x_wconf 85' lang='lat' dir='ltr'>unam</span> <span class='ocrx_word' id='word_1_285' title='bbox 2665 3379 2957 3443; x_wconf 73' lang='lat' dir='ltr'>ancillam</span> <span class='ocrx_word' id='word_1_286' title='bbox 2997 3381 3253 3440; x_wconf 84' lang='lat' dir='ltr'>nomine</span> <span class='ocrx_word' id='word_1_287' title='bbox 3283 3377 3663 3438; x_wconf 79' lang='lat' dir='ltr'>wanburc</span> 
     </span>
     <span class='ocr_line' id='line_1_30' title="bbox 872 3469 2821 3548; baseline 0.001 -20"><span class='ocrx_word' id='word_1_288' title='bbox 872 3485 1015 3529; x_wconf 89' lang='lat' dir='ltr'>cum</span> <span class='ocrx_word' id='word_1_289' title='bbox 1046 3471 1218 3529; x_wconf 87' lang='lat' dir='ltr'>omni</span> <span class='ocrx_word' id='word_1_290' title='bbox 1248 3469 1611 3548; x_wconf 78' lang='lat' dir='ltr'>posteritate</span> <span class='ocrx_word' id='word_1_291' title='bbox 1642 3469 1837 3548; x_wconf 87' lang='lat' dir='ltr'>prolis</span> <span class='ocrx_word' id='word_1_292' title='bbox 1860 3470 1987 3531; x_wconf 89' lang='lat' dir='ltr'>sue.</span> <span class='ocrx_word' id='word_1_293' title='bbox 2021 3476 2086 3531; x_wconf 85' lang='lat' dir='ltr'>et</span> <span class='ocrx_word' id='word_1_294' title='bbox 2114 3470 2325 3531; x_wconf 87' lang='lat' dir='ltr'>censu.</span> <span class='ocrx_word' id='word_1_295' title='bbox 2810 3520 2821 3529; x_wconf 97' lang='lat'>.</span> 
     </span>
    </p>

    <p class='ocr_par' dir='ltr' id='par_1_14' title="bbox 873 3549 3664 3724">
     <span class='ocr_line' id='line_1_31' title="bbox 1046 3549 3664 3637; baseline -0.002 -21"><span class='ocrx_word' id='word_1_296' title='bbox 1046 3555 1147 3616; x_wconf 82' lang='lat'>69.</span> <span class='ocrx_word' id='word_1_297' title='bbox 1180 3554 1485 3616; x_wconf 81' lang='lat' dir='ltr'>Gerleih</span> <span class='ocrx_word' id='word_1_298' title='bbox 1514 3554 1669 3616; x_wconf 87' lang='lat' dir='ltr'>trad.</span> <span class='ocrx_word' id='word_1_299' title='bbox 1696 3555 1819 3618; x_wconf 82' lang='lat' dir='ltr'>(leo</span> <span class='ocrx_word' id='word_1_300' title='bbox 1848 3561 1914 3617; x_wconf 89' lang='lat' dir='ltr'>et</span> <span class='ocrx_word' id='word_1_301' title='bbox 1944 3573 2061 3620; x_wconf 87' lang='lat' dir='ltr'>sco</span> <span class='ocrx_word' id='word_1_302' title='bbox 2081 3556 2236 3618; x_wconf 90' lang='lat' dir='ltr'>Bon.</span> <span class='ocrx_word' id='word_1_303' title='bbox 2270 3574 2520 3618; x_wconf 88' lang='lat' dir='ltr'>omnem</span> <span class='ocrx_word' id='word_1_304' title='bbox 2543 3557 2988 3637; x_wconf 86' lang='lat' dir='ltr'>proprietatem</span> <span class='ocrx_word' id='word_1_305' title='bbox 3019 3553 3212 3614; x_wconf 86' lang='lat' dir='ltr'>suam.</span> <span class='ocrx_word' id='word_1_306' title='bbox 3236 3567 3426 3632; x_wconf 83' lang='lat' dir='ltr'>quam</span> <span class='ocrx_word' id='word_1_307' title='bbox 3449 3549 3664 3612; x_wconf 81' lang='lat' dir='ltr'>habuit</span> 
     </span>
     <span class='ocr_line' id='line_1_32' title="bbox 873 3639 2250 3724; baseline 0.002 -23"><span class='ocrx_word' id='word_1_308' title='bbox 873 3639 1679 3724; x_wconf 75' lang='lat' dir='ltr'>zuisgensahchen.‚²⁰)</span> <span class='ocrx_word' id='word_1_309' title='bbox 1721 3661 1861 3704; x_wconf 90' lang='lat' dir='ltr'>cum</span> <span class='ocrx_word' id='word_1_310' title='bbox 1892 3647 2250 3724; x_wconf 85' lang='lat' dir='ltr'>mancipiis.</span> 
     </span>
    </p>
   </div>
   <div class='ocr_carea' id='block_1_3' title="bbox 1046 3690 3948 3818">
    <p class='ocr_par' dir='ltr' id='par_1_15' title="bbox 1046 3690 3948 3818">
     <span class='ocr_line' id='line_1_33' title="bbox 1046 3690 3948 3818; baseline 0.001 -32"><span class='ocrx_word' id='word_1_311' title='bbox 1046 3727 1146 3789; x_wconf 87' lang='grc'>70.</span> <span class='ocrx_word' id='word_1_312' title='bbox 1192 3728 1563 3790; x_wconf 85' lang='lat' dir='ltr'>Waltman</span> <span class='ocrx_word' id='word_1_313' title='bbox 1602 3735 1667 3790; x_wconf 91' lang='lat' dir='ltr'>et</span> <span class='ocrx_word' id='word_1_314' title='bbox 1706 3748 1870 3791; x_wconf 88' lang='lat' dir='ltr'>uxor</span> <span class='ocrx_word' id='word_1_315' title='bbox 1912 3734 2056 3792; x_wconf 88' lang='lat' dir='ltr'>eius</span> <span class='ocrx_word' id='word_1_316' title='bbox 2090 3729 2401 3792; x_wconf 80' lang='lat' dir='ltr'>wihmnt</span> <span class='ocrx_word' id='word_1_317' title='bbox 2431 3727 2588 3792; x_wconf 86' lang='lat' dir='ltr'>trad.</span> <span class='ocrx_word' id='word_1_318' title='bbox 2619 3727 2742 3791; x_wconf 76' lang='lat' dir='ltr'>&lt;leo</span> <span class='ocrx_word' id='word_1_319' title='bbox 2773 3735 2838 3788; x_wconf 92' lang='lat' dir='ltr'>et</span> <span class='ocrx_word' id='word_1_320' title='bbox 2867 3743 2986 3790; x_wconf 88' lang='lat' dir='ltr'>sco</span> <span class='ocrx_word' id='word_1_321' title='bbox 3021 3725 3174 3787; x_wconf 87' lang='lat' dir='ltr'>Bon.</span> <span class='ocrx_word' id='word_1_322' title='bbox 3193 3721 3426 3806; x_wconf 78' lang='lat' dir='ltr'>predia</span> <span class='ocrx_word' id='word_1_323' title='bbox 3456 3723 3566 3784; x_wconf 86' lang='lat' dir='ltr'>soa</span> <span class='ocrx_word' id='word_1_324' title='bbox 3596 3690 3666 3784; x_wconf 80' lang='lat' dir='ltr'>in</span> <span class='ocrx_word' id='word_1_325' title='bbox 3789 3797 3806 3818; x_wconf 48' lang='grc'><strong><em>,</em></strong></span> <span class='ocrx_word' id='word_1_326' title='bbox 3931 3712 3948 3730; x_wconf 80' lang='grc'><strong>’</strong></span> 
     </span>
    </p>
   </div>
   <div class='ocr_carea' id='block_1_4' title="bbox 782 3812 3736 4417">
    <p class='ocr_par' dir='ltr' id='par_1_16' title="bbox 872 3812 2578 3898">
     <span class='ocr_line' id='line_1_34' title="bbox 872 3812 2578 3898; baseline 0.002 -24"><span class='ocrx_word' id='word_1_327' title='bbox 872 3812 1201 3875; x_wconf 80' lang='lat' dir='ltr'>ostheim</span> <span class='ocrx_word' id='word_1_328' title='bbox 1234 3823 1297 3875; x_wconf 89' lang='lat' dir='ltr'>et</span> <span class='ocrx_word' id='word_1_329' title='bbox 1328 3813 1834 3896; x_wconf 68' lang='lat' dir='ltr'>Paringonss)</span> <span class='ocrx_word' id='word_1_330' title='bbox 1874 3835 2017 3878; x_wconf 89' lang='lat' dir='ltr'>cum</span> <span class='ocrx_word' id='word_1_331' title='bbox 2050 3816 2187 3878; x_wconf 84' lang='lat' dir='ltr'>.le</span> <span class='ocrx_word' id='word_1_332' title='bbox 2220 3821 2578 3898; x_wconf 85' lang='lat' dir='ltr'>mancipiis.</span> 
     </span>
    </p>

    <p class='ocr_par' dir='ltr' id='par_1_17' title="bbox 872 3895 3736 4066">
     <span class='ocr_line' id='line_1_35' title="bbox 1044 3895 3736 3982; baseline -0 -22"><span class='ocrx_word' id='word_1_333' title='bbox 1044 3901 1146 3961; x_wconf 91' lang='grc'>71.</span> <span class='ocrx_word' id='word_1_334' title='bbox 1180 3901 1364 3962; x_wconf 87' lang='lat' dir='ltr'>Rich</span> <span class='ocrx_word' id='word_1_335' title='bbox 1379 3909 1495 3962; x_wconf 87' lang='lat' dir='ltr'>art</span> <span class='ocrx_word' id='word_1_336' title='bbox 1515 3898 1607 3979; x_wconf 82' lang='lat'>²²)</span> <span class='ocrx_word' id='word_1_337' title='bbox 1642 3909 1705 3962; x_wconf 88' lang='lat' dir='ltr'>et</span> <span class='ocrx_word' id='word_1_338' title='bbox 1736 3901 1903 3967; x_wconf 84' lang='lat' dir='ltr'>filius</span> <span class='ocrx_word' id='word_1_339' title='bbox 1935 3907 2079 3966; x_wconf 88' lang='lat' dir='ltr'>eius</span> <span class='ocrx_word' id='word_1_340' title='bbox 2102 3903 2288 3965; x_wconf 79' lang='lat' dir='ltr'>Gotd</span> <span class='ocrx_word' id='word_1_341' title='bbox 2306 3905 2496 3966; x_wconf 87' lang='lat' dir='ltr'>anch</span> <span class='ocrx_word' id='word_1_342' title='bbox 2513 3899 2610 3982; x_wconf 78' lang='lat'>²⁸)</span> <span class='ocrx_word' id='word_1_343' title='bbox 2649 3899 2872 3964; x_wconf 83' lang='lat' dir='ltr'>tradid.</span> <span class='ocrx_word' id='word_1_344' title='bbox 2897 3899 3020 3962; x_wconf 84' lang='lat' dir='ltr'>deo</span> <span class='ocrx_word' id='word_1_345' title='bbox 3041 3906 3106 3960; x_wconf 85' lang='lat' dir='ltr'>et</span> <span class='ocrx_word' id='word_1_346' title='bbox 3130 3915 3245 3960; x_wconf 82' lang='lat' dir='ltr'>sco</span> <span class='ocrx_word' id='word_1_347' title='bbox 3269 3896 3422 3958; x_wconf 87' lang='lat' dir='ltr'>Bon.</span> <span class='ocrx_word' id='word_1_348' title='bbox 3445 3895 3668 3978; x_wconf 79' lang='lat' dir='ltr'>predia</span> <span class='ocrx_word' id='word_1_349' title='bbox 3728 3974 3736 3980; x_wconf 89' lang='lat'>.</span> 
     </span>
     <span class='ocr_line' id='line_1_36' title="bbox 872 3984 3427 4066; baseline -0.001 -20"><span class='ocrx_word' id='word_1_350' title='bbox 872 3987 982 4047; x_wconf 82' lang='lat' dir='ltr'>sua</span> <span class='ocrx_word' id='word_1_351' title='bbox 1011 3990 1077 4046; x_wconf 89' lang='lat' dir='ltr'>in</span> <span class='ocrx_word' id='word_1_352' title='bbox 1108 3985 1565 4049; x_wconf 84' lang='lat' dir='ltr'>westhusen.</span> <span class='ocrx_word' id='word_1_353' title='bbox 1598 4006 1739 4050; x_wconf 89' lang='lat' dir='ltr'>cum</span> <span class='ocrx_word' id='word_1_354' title='bbox 1772 3992 1940 4050; x_wconf 90' lang='lat' dir='ltr'>omni</span> <span class='ocrx_word' id='word_1_355' title='bbox 1973 3991 2308 4052; x_wconf 70' lang='lat' dir='ltr'>firmantia</span> <span class='ocrx_word' id='word_1_356' title='bbox 2340 4009 2420 4053; x_wconf 87' lang='lat' dir='ltr'>ac</span> <span class='ocrx_word' id='word_1_357' title='bbox 2448 3990 2688 4052; x_wconf 80' lang='lat' dir='ltr'>familia</span> <span class='ocrx_word' id='word_1_358' title='bbox 2717 3991 2828 4050; x_wconf 86' lang='lat' dir='ltr'>sua</span> <span class='ocrx_word' id='word_1_359' title='bbox 2858 4003 3204 4066; x_wconf 85' lang='lat' dir='ltr'>eorumque</span> <span class='ocrx_word' id='word_1_360' title='bbox 3223 3984 3427 4065; x_wconf 73' lang='lat' dir='ltr'>prole.</span> 
     </span>
    </p>

    <p class='ocr_par' dir='ltr' id='par_1_18' title="bbox 870 4067 3676 4245">
     <span class='ocr_line' id='line_1_37' title="bbox 1044 4067 3676 4158; baseline -0.001 -26"><span class='ocrx_word' id='word_1_361' title='bbox 1044 4073 1147 4134; x_wconf 76' lang='grc'>72.</span> <span class='ocrx_word' id='word_1_362' title='bbox 1184 4073 1397 4133; x_wconf 77' lang='lat' dir='ltr'>Azzo</span> <span class='ocrx_word' id='word_1_363' title='bbox 1424 4089 1539 4153; x_wconf 88' lang='lat' dir='ltr'>pro</span> <span class='ocrx_word' id='word_1_364' title='bbox 1570 4079 1785 4137; x_wconf 81' lang='lat' dir='ltr'>anima</span> <span class='ocrx_word' id='word_1_365' title='bbox 1812 4077 2276 4139; x_wconf 81' lang='lat' dir='ltr'>Gamelberti</span> <span class='ocrx_word' id='word_1_366' title='bbox 2300 4074 2393 4157; x_wconf 79' lang='lat'>²⁴)</span> <span class='ocrx_word' id='word_1_367' title='bbox 2433 4078 2662 4158; x_wconf 77' lang='lat' dir='ltr'>pratris</span> <span class='ocrx_word' id='word_1_368' title='bbox 2684 4077 2774 4137; x_wconf 85' lang='lat' dir='ltr'>sui</span> <span class='ocrx_word' id='word_1_369' title='bbox 2804 4072 2960 4137; x_wconf 85' lang='lat' dir='ltr'>trad.</span> <span class='ocrx_word' id='word_1_370' title='bbox 2990 4073 3112 4136; x_wconf 85' lang='lat' dir='ltr'>deo</span> <span class='ocrx_word' id='word_1_371' title='bbox 3143 4079 3209 4133; x_wconf 91' lang='lat' dir='ltr'>et</span> <span class='ocrx_word' id='word_1_372' title='bbox 3240 4089 3355 4134; x_wconf 88' lang='lat' dir='ltr'>sco</span> <span class='ocrx_word' id='word_1_373' title='bbox 3386 4069 3538 4131; x_wconf 87' lang='lat' dir='ltr'>Bon.</span> <span class='ocrx_word' id='word_1_374' title='bbox 3571 4067 3676 4130; x_wconf 82' lang='lat' dir='ltr'>ros</span> 
     </span>
     <span class='ocr_line' id='line_1_38' title="bbox 870 4157 2511 4245; baseline 0.004 -25"><span class='ocrx_word' id='word_1_375' title='bbox 870 4167 935 4220; x_wconf 88' lang='lat' dir='ltr'>ct</span> <span class='ocrx_word' id='word_1_376' title='bbox 967 4157 1303 4219; x_wconf 85' lang='lat' dir='ltr'>facultates</span> <span class='ocrx_word' id='word_1_377' title='bbox 1328 4159 1474 4220; x_wconf 87' lang='lat' dir='ltr'>suas</span> <span class='ocrx_word' id='word_1_378' title='bbox 1491 4179 1635 4222; x_wconf 88' lang='lat' dir='ltr'>cum</span> <span class='ocrx_word' id='word_1_379' title='bbox 1656 4161 1905 4224; x_wconf 69' lang='lat' dir='ltr'>familia</span> <span class='ocrx_word' id='word_1_380' title='bbox 1934 4167 2264 4245; x_wconf 85' lang='lat' dir='ltr'>utriusque</span> <span class='ocrx_word' id='word_1_381' title='bbox 2295 4165 2511 4226; x_wconf 78' lang='lat' dir='ltr'>sexus,</span> 
     </span>
    </p>

    <p class='ocr_par' dir='ltr' id='par_1_19' title="bbox 782 4236 3668 4417">
     <span class='ocr_line' id='line_1_39' title="bbox 1046 4236 3668 4328; baseline -0 -24"><span class='ocrx_word' id='word_1_382' title='bbox 1046 4245 1145 4305; x_wconf 87' lang='grc'>73.</span> <span class='ocrx_word' id='word_1_383' title='bbox 1180 4239 1450 4306; x_wconf 68' lang='grc' dir='ltr'>ῦὸιοΙο</span> <span class='ocrx_word' id='word_1_384' title='bbox 1480 4236 1574 4328; x_wconf 73' lang='lat'>²⁵)</span> <span class='ocrx_word' id='word_1_385' title='bbox 1613 4249 1769 4312; x_wconf 88' lang='lat' dir='ltr'>trad.</span> <span class='ocrx_word' id='word_1_386' title='bbox 1803 4249 1923 4312; x_wconf 90' lang='lat' dir='ltr'>deo</span> <span class='ocrx_word' id='word_1_387' title='bbox 1956 4257 2019 4313; x_wconf 88' lang='lat' dir='ltr'>et</span> <span class='ocrx_word' id='word_1_388' title='bbox 2050 4269 2167 4312; x_wconf 88' lang='lat' dir='ltr'>seo</span> <span class='ocrx_word' id='word_1_389' title='bbox 2197 4250 2352 4314; x_wconf 90' lang='lat' dir='ltr'>Bon.</span> <span class='ocrx_word' id='word_1_390' title='bbox 2376 4249 2713 4312; x_wconf 86' lang='lat' dir='ltr'>facultates</span> <span class='ocrx_word' id='word_1_391' title='bbox 2738 4246 2890 4310; x_wconf 84' lang='lat' dir='ltr'>suas.</span> <span class='ocrx_word' id='word_1_392' title='bbox 2923 4245 2984 4308; x_wconf 83' lang='lat' dir='ltr'>id</span> <span class='ocrx_word' id='word_1_393' title='bbox 3017 4247 3108 4308; x_wconf 83' lang='lat' dir='ltr'>est</span> <span class='ocrx_word' id='word_1_394' title='bbox 3136 4262 3328 4306; x_wconf 90' lang='lat' dir='ltr'>unam</span> <span class='ocrx_word' id='word_1_395' title='bbox 3359 4261 3572 4306; x_wconf 87' lang='lat' dir='ltr'>aream</span> <span class='ocrx_word' id='word_1_396' title='bbox 3605 4249 3668 4306; x_wconf 86' lang='lat' dir='ltr'>et</span> 
     </span>
     <span class='ocr_line' id='line_1_40' title="bbox 782 4329 2829 4417; baseline 0.004 -23"><span class='ocrx_word' id='word_1_397' title='bbox 782 4339 809 4366; x_wconf 72' lang='lat'><strong><em>⁹</em></strong></span> <span class='ocrx_word' id='word_1_398' title='bbox 870 4329 1069 4396; x_wconf 78' lang='lat' dir='ltr'>‚VIIIL</span> <span class='ocrx_word' id='word_1_399' title='bbox 1100 4333 1328 4413; x_wconf 86' lang='lat' dir='ltr'>iugera</span> <span class='ocrx_word' id='word_1_400' title='bbox 1360 4351 1504 4395; x_wconf 89' lang='lat' dir='ltr'>cum</span> <span class='ocrx_word' id='word_1_401' title='bbox 1534 4337 1870 4417; x_wconf 84' lang='lat' dir='ltr'>mancipiis</span> <span class='ocrx_word' id='word_1_402' title='bbox 1902 4337 2121 4400; x_wconf 85' lang='lat' dir='ltr'>tribus.</span> <span class='ocrx_word' id='word_1_403' title='bbox 2818 4335 2829 4342; x_wconf 77' lang='grc'><strong>”</strong></span> 
     </span>
    </p>
   </div>
   <div class='ocr_carea' id='block_1_5' title="bbox 865 4507 3668 4928">
    <p class='ocr_par' dir='ltr' id='par_1_20' title="bbox 865 4507 3668 4928">
     <span class='ocr_line' id='line_1_41' title="bbox 1012 4507 3662 4581; baseline -0.002 -18"><span class='ocrx_word' id='word_1_404' title='bbox 1012 4513 1060 4576; x_wconf 88' lang='lat'>¹)</span> <span class='ocrx_word' id='word_1_405' title='bbox 1086 4513 1144 4563; x_wconf 87' lang='lat' dir='ltr'>ln</span> <span class='ocrx_word' id='word_1_406' title='bbox 1172 4512 1551 4577; x_wconf 59' lang='lat' dir='ltr'>Elblngooo</span> <span class='ocrx_word' id='word_1_407' title='bbox 1586 4527 1786 4568; x_wconf 75' lang='lat' dir='ltr'>marcu.</span> <span class='ocrx_word' id='word_1_408' title='bbox 1824 4513 1877 4581; x_wconf 80' lang='lat'>²)</span> <span class='ocrx_word' id='word_1_409' title='bbox 1916 4517 2119 4568; x_wconf 79' lang='lat' dir='ltr'>eblllh</span> <span class='ocrx_word' id='word_1_410' title='bbox 2136 4519 2413 4569; x_wconf 80' lang='lat' dir='ltr'>seldene</span> <span class='ocrx_word' id='word_1_411' title='bbox 2447 4529 2647 4570; x_wconf 80' lang='lat' dir='ltr'>marcu.</span> <span class='ocrx_word' id='word_1_412' title='bbox 2676 4513 2733 4580; x_wconf 84' lang='lat'>⁸)</span> <span class='ocrx_word' id='word_1_413' title='bbox 2763 4514 3244 4580; x_wconf 32' lang='lat' dir='ltr'>usage-felde&amp;</span> <span class='ocrx_word' id='word_1_414' title='bbox 3269 4507 3320 4574; x_wconf 72' lang='lat'>⁴)</span> <span class='ocrx_word' id='word_1_415' title='bbox 3349 4510 3662 4560; x_wconf 79' lang='lat' dir='ltr'>suinfur-</span> 
     </span>
     <span class='ocr_line' id='line_1_42' title="bbox 869 4575 3664 4652; baseline -0.003 -18"><span class='ocrx_word' id='word_1_416' title='bbox 869 4584 991 4634; x_wconf 85' lang='lat' dir='ltr'>tln..</span> <span class='ocrx_word' id='word_1_417' title='bbox 1022 4581 1071 4647; x_wconf 78' lang='lat'>⁸)</span> <span class='ocrx_word' id='word_1_418' title='bbox 1102 4583 1467 4633; x_wconf 73' lang='lat' dir='ltr'>Eramuols.</span> <span class='ocrx_word' id='word_1_419' title='bbox 1507 4582 1559 4648; x_wconf 79' lang='lat'>⁸)</span> <span class='ocrx_word' id='word_1_420' title='bbox 1589 4584 2081 4650; x_wconf 68' lang='lat' dir='ltr'>estrangesbah.</span> <span class='ocrx_word' id='word_1_421' title='bbox 2123 4585 2175 4652; x_wconf 60' lang='grc' dir='ltr'>ἲ)</span> <span class='ocrx_word' id='word_1_422' title='bbox 2217 4588 2496 4651; x_wconf 65' lang='lat' dir='ltr'>oppane.</span> <span class='ocrx_word' id='word_1_423' title='bbox 2533 4585 2588 4652; x_wconf 83' lang='lat'>⁸)</span> <span class='ocrx_word' id='word_1_424' title='bbox 2618 4587 2930 4650; x_wconf 72' lang='lat' dir='ltr'>Brunger.</span> <span class='ocrx_word' id='word_1_425' title='bbox 2968 4580 3372 4646; x_wconf 70' lang='lat' dir='ltr'>⁸)Lu1tblrg.</span> <span class='ocrx_word' id='word_1_426' title='bbox 3418 4575 3490 4642; x_wconf 68' lang='grc' dir='ltr'>ι0)</span> <span class='ocrx_word' id='word_1_427' title='bbox 3519 4579 3664 4626; x_wconf 75' lang='lat' dir='ltr'>sre-</span> 
     </span>
     <span class='ocr_line' id='line_1_43' title="bbox 868 4643 3666 4720; baseline 0.001 -16"><span class='ocrx_word' id='word_1_428' title='bbox 868 4655 1080 4704; x_wconf 75' lang='lat' dir='ltr'>wirat.</span> <span class='ocrx_word' id='word_1_429' title='bbox 1135 4651 1209 4718; x_wconf 83' lang='lat'>¹¹)</span> <span class='ocrx_word' id='word_1_430' title='bbox 1246 4651 1663 4717; x_wconf 74' lang='lat' dir='ltr'>Dangdorph.</span> <span class='ocrx_word' id='word_1_431' title='bbox 1716 4651 1788 4718; x_wconf 81' lang='lat'>¹¹)</span> <span class='ocrx_word' id='word_1_432' title='bbox 1830 4657 2556 4708; x_wconf 71' lang='lat' dir='ltr'>Thtetlrlhcheahusnn.</span> <span class='ocrx_word' id='word_1_433' title='bbox 2609 4653 2682 4720; x_wconf 81' lang='lat'>¹¹)</span> <span class='ocrx_word' id='word_1_434' title='bbox 2715 4655 2772 4708; x_wconf 79' lang='lat' dir='ltr'>in</span> <span class='ocrx_word' id='word_1_435' title='bbox 2801 4665 2948 4719; x_wconf 71' lang='lat' dir='ltr'>pago</span> <span class='ocrx_word' id='word_1_436' title='bbox 2983 4651 3289 4713; x_wconf 75' lang='lat' dir='ltr'>Par-lnge·</span> <span class='ocrx_word' id='word_1_437' title='bbox 3344 4643 3415 4712; x_wconf 64' lang='grc' dir='ltr'>ιι)</span> <span class='ocrx_word' id='word_1_438' title='bbox 3453 4645 3666 4708; x_wconf 72' lang='lat' dir='ltr'>Rapio.</span> 
     </span>
     <span class='ocr_line' id='line_1_44' title="bbox 874 4713 3664 4792; baseline -0.002 -20"><span class='ocrx_word' id='word_1_439' title='bbox 874 4721 951 4787; x_wconf 57' lang='grc' dir='ltr'>ι5)</span> <span class='ocrx_word' id='word_1_440' title='bbox 978 4723 1411 4773; x_wconf 80' lang='lat' dir='ltr'>mitileadorf.</span> <span class='ocrx_word' id='word_1_441' title='bbox 1458 4721 1531 4787; x_wconf 79' lang='lat'>¹⁸)</span> <span class='ocrx_word' id='word_1_442' title='bbox 1560 4723 1915 4774; x_wconf 84' lang='lat' dir='ltr'>nnlhmota.</span> <span class='ocrx_word' id='word_1_443' title='bbox 1958 4723 2035 4784; x_wconf 74' lang='lat'>¹²)</span> <span class='ocrx_word' id='word_1_444' title='bbox 2060 4727 2420 4792; x_wconf 73' lang='lat' dir='ltr'>Hiar-naga.</span> <span class='ocrx_word' id='word_1_445' title='bbox 2463 4724 2540 4784; x_wconf 84' lang='lat'>¹⁸)</span> <span class='ocrx_word' id='word_1_446' title='bbox 2565 4725 2620 4776; x_wconf 82' lang='lat' dir='ltr'>ln</span> <span class='ocrx_word' id='word_1_447' title='bbox 2643 4724 3096 4790; x_wconf 66' lang='lat' dir='ltr'>grapfeldoao</span> <span class='ocrx_word' id='word_1_448' title='bbox 3119 4729 3361 4770; x_wconf 81' lang='lat' dir='ltr'>marcu.</span> <span class='ocrx_word' id='word_1_449' title='bbox 3395 4713 3664 4778; x_wconf 75' lang='grc' dir='ltr'>ι·)Τ1ιο-·</span> 
     </span>
     <span class='ocr_line' id='line_1_45' title="bbox 868 4783 3668 4861; baseline 0.004 -21"><span class='ocrx_word' id='word_1_450' title='bbox 868 4797 1124 4856; x_wconf 70' lang='lat' dir='ltr'>otgero.</span> <span class='ocrx_word' id='word_1_451' title='bbox 1178 4789 1257 4857; x_wconf 66' lang='grc' dir='ltr'>ι0)</span> <span class='ocrx_word' id='word_1_452' title='bbox 1296 4792 1351 4842; x_wconf 85' lang='lat' dir='ltr'>ln</span> <span class='ocrx_word' id='word_1_453' title='bbox 1384 4792 1935 4856; x_wconf 65' lang='lat' dir='ltr'>satagensaccho.</span> <span class='ocrx_word' id='word_1_454' title='bbox 1974 4791 2055 4859; x_wconf 78' lang='lat'>⁸¹)</span> <span class='ocrx_word' id='word_1_455' title='bbox 2081 4796 2135 4846; x_wconf 84' lang='lat' dir='ltr'>tn</span> <span class='ocrx_word' id='word_1_456' title='bbox 2170 4807 2315 4861; x_wconf 70' lang='lat' dir='ltr'>pago</span> <span class='ocrx_word' id='word_1_457' title='bbox 2346 4796 2649 4859; x_wconf 70' lang='lat' dir='ltr'>Patinga.</span> <span class='ocrx_word' id='word_1_458' title='bbox 2695 4791 2774 4858; x_wconf 76' lang='lat'>²¹)</span> <span class='ocrx_word' id='word_1_459' title='bbox 2813 4791 3126 4856; x_wconf 73' lang='lat' dir='ltr'>sigihart.</span> <span class='ocrx_word' id='word_1_460' title='bbox 3164 4783 3242 4850; x_wconf 69' lang='lat'>²³)</span> <span class='ocrx_word' id='word_1_461' title='bbox 3280 4785 3668 4838; x_wconf 60' lang='grc' dir='ltr'>ὓθῑθῑῑῦῑῑθ·</span> 
     </span>
     <span class='ocr_line' id='line_1_46' title="bbox 865 4857 1967 4928; baseline 0.002 -18"><span class='ocrx_word' id='word_1_462' title='bbox 865 4857 946 4925; x_wconf 78' lang='lat'>²⁴)</span> <span class='ocrx_word' id='word_1_463' title='bbox 986 4861 1501 4927; x_wconf 77' lang='lat' dir='ltr'>Gamalperahtl.</span> <span class='ocrx_word' id='word_1_464' title='bbox 1540 4859 1621 4928; x_wconf 74' lang='lat'>²⁸)</span> <span class='ocrx_word' id='word_1_465' title='bbox 1651 4862 1967 4915; x_wconf 70' lang='lat' dir='ltr'>cotoneo.</span> 
     </span>
    </p>
   </div>
  </div>
 </body>
</html>
