4821 5976
1077 838 1205 901 ιω
2292 830 2708 910 Cap.61.62.

1078 958 1467 1085 sumpserunt
1504 1006 1717 1065 inicia.
1762 1009 1826 1063 et
1864 1020 1949 1063 ex
1976 999 2227 1080 prediis
2266 1007 2333 1062 et
2379 1000 2596 1061 fundis
2639 998 2828 1063 huius
2879 1002 3148 1064 ecclesie
3195 1004 3539 1066 manifeste
3583 1004 3872 1065 uidentur

1078 1094 1215 1155 esse
1238 1090 1521 1151 fundata.
1544 1089 1720 1151 Sicut
1750 1093 1855 1148 est
1884 1084 2303 1147 suinfurte.
2338 1086 2661 1147 Sluhtre.
2693 1087 3170 1169 Breitingen.
3205 1088 3773 1151 Breitenuowa.
3807 1098 3872 1151 et

1076 1178 1275 1277 multa
1317 1175 1442 1237 alia
1479 1176 1641 1265 loca.
1685 1190 1949 1252 quorum
1988 1174 2239 1233 termini
2282 1170 2474 1231 huius
2517 1173 2787 1234 ecclefie
2835 1172 2974 1233 sunt
3013 1176 3266 1252 proprii.
3313 1172 3447 1247 Que
3487 1174 3724 1236 idcirco
3767 1174 3872 1237 hic

1076 1280 1209 1323 ¹¹⁰⁰
1246 1276 1602 1341 ’Ψ
1602 1258 1799 1317 ¹¹¹¹¹⁰
1836 1256 2184 1402 {swas
2191 1257 2376 1401 ..3153
2420 1256 2888 1403 qssffi‘ssrffl
2909 1258 3880 1423 ssr't'ffi‘ff'i‘ssussffissmfflasslf

1074 1344 1731 1511 ἴξιίιῗειιιιιιὶῐῗιαὲιᾜῗιιιίιέ
1750 1361 1957 1488 ἕιῗηὶω
1990 1358 2243 1487 ίὶὼίοξίΐ
2262 1359 2492 1505 pensilis
2513 1427 2784 1488 redditis.
2816 1428 3055 1489 nudata
3083 1428 3398 1491 remansit.

1294 1666 1419 1739 62.
1466 1663 1571 1738 De
1608 1661 1930 1737 terminis
1951 1662 2456 1738 beneficiorum
2489 1640 2699 1737 huius
2735 1663 3109 1739 Fuldensis
3146 1666 3548 1741 monasterii
3573 1662 3661 1755 ¹),

1245 1870 1401 1930 sicut
1447 1886 1488 1928 a
1525 1866 1905 1947 quibusdam
1946 1869 2346 1946 antiquorum
2386 1868 2764 1930 testimoniis
2821 1873 3228 1949 percepimus
3273 1876 3339 1931 et
3378 1888 3463 1931 ex
3503 1870 3874 1953 quibusdam

1072 1954 1350 2017 scedulis
1382 1954 1660 2035 longene
1694 1954 2087 2033 antiquitatis
2118 1972 2246 2013 non
2280 1952 2780 2033 discrepantibus
2813 1956 3120 2017 relatione
3150 1974 3308 2017 uera
3346 1965 3732 2036 compertum
3763 1954 3878 2014 ha-

1070 2038 1306 2102 bemus.

1251 2125 1307 2186 1.
1336 2125 1407 2185 In
1437 2125 1769 2203 prouincia
1800 2122 2121 2183 saxonie
2166 2124 2286 2183 tria
2316 2123 2488 2183 milia
2532 2124 2886 2183 mansorum
2930 2123 3148 2185 habuit
3189 2123 3310 2185 hoc
3341 2124 3625 2186 fuldense
3655 2140 3877 2185 mona-

1071 2211 1345 2271 sterium.
1368 2208 1541 2269 vnde
1572 2208 2003 2271 inbeneficiati
2034 2207 2265 2268 debent
2291 2208 2426 2269 csse
2460 2210 2571 2267 sex
2603 2212 2788 2291 regni
2809 2209 3144 2287 principes.
3168 2212 3259 2269 ita
3279 2212 3634 2289 utquisque
3659 2228 3876 2270 eorum

1073 2295 1463 2376 quingentos
1486 2292 1722 2354 habeat
1750 2293 2014 2353 mansos.
2047 2292 2176 2353 Sed
2200 2292 2355 2371 proh
2387 2292 2566 2353 dolor
2598 2296 2880 2353 auaricia
2911 2312 3035 2372 que
3060 2311 3381 2373 nunquam
3407 2295 3554 2356 dicit
3584 2294 3876 2355 sufficere

1070 2380 1512 2457 compellente.
1547 2378 1773 2455 aliquis
1798 2380 2148 2454 principum
2180 2379 2321 2454 plus
2349 2395 2538 2455 quam
2570 2380 2690 2437 tria
2727 2380 2898 2437 milia
2937 2378 3131 2437 habet
3169 2381 3544 2439 mansorum.
3589 2380 3715 2440 Nec
3753 2378 3877 2439 hoc

1074 2463 1309 2524 sufficit
1335 2464 1485 2539 quin
1518 2464 1708 2520 etiam
1742 2478 1940 2520 auara
1968 2462 2221 2538 insuper
2256 2462 2545 2541 ingluuie
2593 2462 2929 2521 ambiendo
2968 2462 3400 2541 inhiandoque
3443 2463 3751 2524 inuadant
3783 2465 3879 2523 sa·-

1072 2553 1481 2609 crosanctum
1526 2540 1715 2605 lirbor
1763 2552 1826 2604 et
1881 2543 2189 2622 stipendia
2228 2544 2486 2603 fratrum
2525 2545 2862 2624 degluttire
2913 2548 3381 2643 concupiscant.
3423 2547 3884 2607 decimationes

1071 2633 1482 2693 ecclesiarum
1504 2631 1865 2706 usurpatiue
1888 2645 2017 2686 non
2040 2628 2200 2685 iuste
2222 2629 2560 2705 accipiant.
2587 2628 2885 2688 familiam
2911 2631 3008 2689 sci
3031 2629 3340 2689 Bonisacii
3373 2630 3483 2691 fibi
3514 2631 3876 2693 uendicent.

1072 2716 1457 2793 censumque
1490 2714 1571 2773 ab
1601 2712 1697 2771 eis
1722 2711 2229 2791 qualemcunque
2268 2711 2488 2770 uolunt
2527 2719 2968 2791 extorqueant.
3018 2714 3149 2775 Hec
3191 2732 3348 2795 ergo
3392 2723 3456 2775 et
3499 2714 3600 2776 his
3643 2715 3876 2776 similia

1073 2799 1371 2862 faciendo
1395 2816 1521 2858 non
1554 2796 1925 2858 defensores
1948 2796 2057 2857 sed
2085 2796 2414 2859 muasores
2421 2799 2782 2858 monasterii
2808 2798 2940 2858 esse
2969 2799 3277 2860 uidentur.
3301 2801 3755 2861 cummulantes
3781 2802 3876 2859 su·
3891 2798 3902 2810 “

1074 2905 1190 2967 per
1220 2886 1285 2944 se
1315 2883 1563 2946 bannos
1587 2882 2065 2960 apostolicorum
2098 2887 2163 2943 et
2193 2888 2414 2944 contra
2443 2892 2748 2962 precepta
2785 2902 3012 2965 regum
3052 2886 3328 2966 agentes
3365 2886 3875 2948 maledictionem

1075 2980 1360 3034 eternam
1391 2965 1787 3050 conquirunt.

1257 3055 1444 3133 (156·
1446 3057 1475 3132 )
1517 3055 1575 3114 2.
1606 3054 1676 3114 In
1705 3055 2037 3134 prouincia
2066 3054 2432 3134 Turingie
2463 3055 2584 3114 tria
2611 3055 2785 3114 milia
2813 3056 3170 3116 mansorum
3199 3055 3391 3118 habet
3423 3014 3707 3118 fuldense
3743 3075 3874 3117 mo-

1075 3144 1433 3204 nasterium.
1484 3140 1655 3201 vnde
1694 3139 2127 3200 inbeneficiati
2156 3139 2391 3199 debent
2433 3140 2567 3199 esse
2605 3138 2718 3199 sex
2743 3144 2942 3220 regni
2987 3143 3331 3242 principes.
3377 3146 3467 3202 ita
3509 3150 3573 3202 ut
3615 3142 3878 3222 quisque

1078 3246 1294 3290 eorum
1352 3227 1741 3307 quingentos
1778 3225 2012 3286 habeat
2056 3225 2320 3285 mansos.
2363 3222 2492 3308 Sed
2535 3225 2693 3303 proh
2739 3225 2914 3285 dolor
2966 3228 3248 3286 auaricia
3285 3228 3708 3307 compellente
3754 3241 3886 3306 que

999 3348 1005 3354 ·
1076 3329 1400 3392 nunquam
1424 3311 1574 3372 dicit
1598 3311 1887 3371 sufficere
1913 3311 2333 3388 unusquisque
2358 3313 2708 3387 principum
2731 3311 2973 3370 illorum
2997 3311 3188 3371 habet
3210 3319 3427 3373 totum.
3452 3313 3620 3392 quod
3643 3312 3883 3373 habere

1080 3399 1397 3460 debebant
1428 3396 1657 3477 singuli
1688 3413 1925 3455 eorum.
1958 3395 2087 3455 Nec
2117 3393 2241 3454 hoc
2273 3394 2517 3455 sufficit.
2550 3399 2700 3473 quin
2733 3395 2938 3456 adhoc
2970 3399 3264 3456 ambiant.
3304 3399 3471 3458 unde
3502 3398 3732 3458 fratres
3765 3397 3882 3456 sul-

948 3499 957 3506 ·
1081 3482 1312 3545 denses
1336 3483 1457 3542 deo
1482 3499 1727 3559 seoque
1749 3478 2079 3540 Bonisacio
2107 3481 2340 3539 seruire
2372 3479 2708 3539 dehebant.
2738 3481 2997 3556 Insuper
3021 3481 3476 3541 decimationes
3493 3490 3555 3541 et
3579 3482 3880 3542 familiam

1083 3571 1183 3629 sci
1208 3565 1521 3626 Bonisacii
1550 3565 1875 3626 inuadunt.
1906 3567 1996 3624 ita
2025 3570 2093 3624 ut
2121 3583 2249 3623 non
2281 3562 2651 3624 defensores
2682 3563 2792 3624 sed
2820 3566 3302 3644 impugnatores
3339 3566 3628 3626 ecclesie.
3677 3584 3714 3626 a
3755 3584 3883 3644 qua

1085 3651 1261 3714 ditati
1293 3652 1450 3710 lunt.
1483 3650 1619 3709 esse
1648 3649 2021 3710 iudicentur.

1260 3736 1318 3794 3.
1365 3735 1435 3793 In
1478 3737 1809 3812 prouincia
1834 3731 2258 3793 Bessorum.
2306 3738 2371 3792 et
2413 3735 3006 3794 wetereiborum
3047 3732 3238 3793 habet
3280 3732 3402 3795 hoc
3431 3733 3717 3795 fuldense
3749 3755 3882 3794 mo-
3925 3737 3948 3749 ⁹

1087 3821 1424 3880 nasterium
1456 3821 1577 3878 tria
1604 3818 1777 3878 milia
1806 3818 2182 3878 mansorum.
2214 3817 2387 3878 vnde
2419 3817 2848 3879 inbeneficiati
2881 3817 3114 3879 debent
3155 3819 3286 3879 esse
3317 3821 3429 3879 sex
3468 3820 3635 3880 illius
3667 3823 3883 3901 regio-

1088 3906 1188 3965 nis
1210 3904 1542 3983 principes.
1584 3907 1674 3964 ita
1710 3911 1777 3964 ut
1821 3904 2241 3982 unusquisque
2283 3921 2502 3964 eorum
2544 3905 2935 3986 quingentos
2977 3904 3210 3965 habeat
3247 3905 3512 3966 mansos.
3555 3905 3684 3966 Sed
3722 3905 3880 3986 proh

1086 3987 1341 4068 dolor·²)
1379 3995 1503 4050 cet.

1262 4077 1320 4136 4.
1351 4075 1419 4133 In
1450 4075 1777 4153 prouincia
1805 4076 1971 4134 reni
2001 4080 2066 4133 et
2106 4090 2220 4133 wo
2237 4091 2335 4133 rm
2354 4075 2515 4134 atie
2555 4073 2748 4134 habet
2785 4073 2907 4135 hoc
2949 4073 3235 4136 fuldense
3275 4076 3716 4135 monasterium
3759 4080 3882 4136 tria

1090 4159 1260 4220 milia
1297 4161 1670 4220 mansorum.
1716 4158 1889 4220 vnde
1928 4158 2359 4220 inbeneficiati
2405 4160 2546 4218 sunt
2591 4161 2703 4219 sex
2748 4160 2919 4219 illius
2973 4163 3261 4240 regionis
3307 4161 3640 4238 principes.
3682 4165 3770 4222 ita
3815 4169 3882 4221 ut

1089 4244 1519 4324 unusquisque
1552 4244 1767 4305 eorum
1799 4247 2189 4325 quingentos
2220 4244 2456 4305 habeat
2483 4247 2758 4304 mansos.
2791 4243 2918 4305 Sed
2949 4244 3107 4321 proh
3139 4244 3314 4304 dolor
3329 4243 3390 4318 ²)
3433 4255 3554 4306 cet.

1272 4327 1456 4405 (156⁵
1462 4333 1489 4405 )
1532 4332 1691 4390 5.1n
1724 4334 2051 4407 prouincia
2092 4330 2484 4390 Boaioirie
2517 4337 2580 4389 et
2618 4331 3074 4390 Alamannie
3117 4329 3306 4390 habet
3347 4331 3629 4390 fuldense
3659 4347 3880 4390 mona-

1089 4414 1341 4474 sterium
1373 4418 1494 4474 tria
1520 4415 1692 4475 milia
1719 4417 2073 4476 mansorum
2106 4416 2277 4476 vnde
2309 4415 2739 4479 inbeneficiati
2769 4416 2907 4474 sunt
2933 4417 3042 4475 sex
3066 4416 3230 4474 illius
3246 4419 3530 4498 regionis
3551 4417 3879 4494 principes.

1089 4501 1179 4559 ita
1209 4507 1273 4559 ut
1307 4500 1726 4579 unusquisque
1760 4519 1975 4560 eorum
2009 4504 2397 4581 quingentos
2430 4500 2664 4561 habeat
2693 4495 2969 4562 mansos.
3003 4500 3130 4562 Sed
3161 4501 3316 4580 proh
3348 4499 3522 4562 dolor
3537 4499 3595 4576 ²)
3634 4534 3718 4544 --
3749 4499 3882 4559 esse

1240 4738 1283 4800 ¹)
1316 4741 1491 4804 Vei-gl.
1522 4739 1809 4801 Schannat„
1836 4739 2087 4788 clientela
2105 4733 2259 4788 Fuld.
2284 4753 2335 4802 p.
2366 4737 2479 4788 196.
2507 4751 2592 4804 no.
2621 4741 2674 4788 V.
2715 4733 2768 4803 ²)
2798 4741 2908 4790 L‘nd
2933 4753 2994 4788 so
3023 4741 3133 4789 fort
3157 4739 3260 4790 wie
3287 4738 3338 4788 in
3365 4737 3637 4787 Abschnitt
3661 4739 3708 4786 2.
