4821 5976
1102 855 1151 922 '4
1856 901 1869 910 -
2266 855 2420 935 Cap.
2459 855 2512 918 1.
2544 854 2607 920 2.

1280 1030 1388 1092 Sic
1420 1031 1587 1092 enim
1617 1029 1731 1092 iste
1760 1027 1940 1092 locus
1961 1027 2229 1094 traditus
2259 1027 2351 1090 est
2379 1047 2420 1090 a
2450 1028 2498 1089 P
2520 1030 2787 1110 ippino
2812 1045 2954 1090 cum
2978 1025 3080 1088 bis
3098 1025 3385 1088 terminis
3405 1026 3904 1108 circumscriptus

1109 1117 1231 1181 deo
1254 1124 1319 1180 et
1340 1117 1642 1179 saluatori
1668 1116 1893 1178 nostro.
1912 1122 1977 1178 et
1992 1134 2033 1177 a
2052 1115 2337 1196 predicto
2367 1118 2652 1197 principe
2676 1115 2964 1176 carlom
2982 1131 3203 1175 anno.
3231 1119 3297 1174 ut
3323 1112 3392 1176 lit
3415 1113 3896 1176 commendatus

1110 1203 1277 1268 idem
1308 1203 1500 1266 locui.
1528 1210 1592 1264 et
1618 1202 1787 1264 utilis
1810 1203 2104 1264 saluatori
2132 1199 2341 1264 nostro
2382 1201 2578 1282 usque
2615 1205 2680 1262 in
2721 1200 2912 1262 finem
2957 1200 3168 1262 seculi.
3201 1197 3282 1262 ad
3311 1199 3803 1284 congregandos
3833 1209 3896 1263 et

1113 1290 1481 1354 nutriendos
1502 1288 1720 1350 seruos
1753 1291 1917 1350 eine.
1952 1287 2187 1370 absque
2218 1290 2346 1351 ulla
2374 1287 2815 1368 impedicione.
2849 1287 2951 1349 uel
2982 1287 3385 1366 usurpatione
3417 1286 3696 1348 aliorum.

1457 1375 1725 1459 Signum
1770 1375 1815 1436 B
1834 1374 2006 1437 ouis
2010 1377 2168 1436 acii
2213 1373 2669 1455 archiepiscopi
2713 1377 2820 1455 qui
2881 1373 3048 1436 hanc
3079 1380 3338 1437 cartam·
3357 1375 3592 1435 noticie
3624 1373 3896 1435 omnium

1771 1461 2078 1523 conscribi
2108 1460 2293 1522 iuss'it.
2324 1461 2369 1540 †
2953 1455 2964 1468 '

1458 1546 1727 1630 Signum
1756 1548 1857 1609 Bu
1875 1566 1905 1607 r
1922 1547 2011 1609 ch
2030 1565 2070 1608 a
2092 1546 2206 1609 rdi
2236 1547 2514 1628 episcopi
2542 1546 2586 1626 †

1460 1634 2100 1718 Signum-Stvrmii
2131 1633 2379 1695 abbatis
2408 1627 2484 1714 †‘
2516 1678 2526 1688 .

1462 1721 1731 1804 Signum
1754 1719 2292 1802 Megenhelmi
2321 1721 2460 1801 pbri
2487 1723 2532 1800 †

1450 1807 1731 1890 -Signum
1760 1805 2306 1868 Foleheramni
2336 1807 2475 1887 pbri
2502 1806 2549 1886 -Ι-

1456 1895 1733 1976 Signum
1760 1893 2101 1976 Meg-eng
2124 1896 2233 1954 oti
2261 1894 2401 1974 pbri
2427 1893 2472 1974 †

1464 1981 1732 2062 Signum
1762 1978 2129 2041 Trountis
2148 1980 2414 2062 prefecti
2441 1979 2488 2060 †

1458 2065 1733 2149 Signum
1764 2065 2456 2148 Lyutfridi-prefecti
2481 2065 2529 2146 †

1370 2189 1375 2194 ·
1456 2151 1735 2236 Signum
1760 2151 2129 2214 Runtulsi
2158 2153 2428 2233 prefecti
2455 2151 2502 2232 †

1285 2237 1477 2319 (73⁸)
1510 2242 1698 2300 Anno
1723 2238 1945 2301 -dniem
1992 2241 2456 2302 'incarnationis
2499 2239 3099 2321 septingentesimo.
3152 2237 3252 2299 xL
3282 2243 3389 2300 ω’.
3425 2237 3570 2298 VIP.
3601 2239 3914 2318 principa-

1117 2333 1245 2390 tus,
1274 2342 1452 2387 uero.
1482 2326 1806 2387 nobilium.
1837 2328 2136 2384 virorum.
2168 2325 2555 2386 Karlmanni.
2588 2329 2672 2386 et.
2703 2326 2930 2404 Pipini.
2961 2323 3096 2386 sris·
3127 2328 3294 2386 eius.
3328 2342 3496 2386 anno
3526 2324 3648 2387 ΥΡ.
3677 2324 3914 2388 meuse.

1118 2413 1363 2476 Martio.
1428 2409 1584 2472 X110.
1642 2410 1767 2472 die.
1812 2409 2059 2490 scripta.
2101 2409 2209 2470 est.
2260 2409 2404 2471 hec.
2469 2412 2772 2471 notionis.
2836 2410 3038 2470 karta.
3078 2413 3144 2470 in
3195 2408 3480 2472 fuldensi.
3519 2411 3914 2472 monasterio.

1123 2501 1409 2580 primum.
1442 2514 1485 2560 a
1514 2494 1981 2580 Megenhelmo.
2006 2495 2183 2575 pbro.
2214 2495 2505 2557 iussione.
2538 2501 2621 2556 et.
2651 2495 3074 2578 permiffione.
3109 2495 3348 2558 diuina.

1822 2651 1897 2721 2.
1954 2647 2353 2750 Capitulum
2386 2647 2671 2724 necess'e
2707 2649 3074 2724 sciendum
3113 2645 3203 2730 ι).
3265 2739 3290 2754 ρ

1133 2806 1315 2888 (98·)
1356 2805 1669 2884 Quoniam
1694 2803 1947 2886 quidem
1982 2803 2065 2868 de
2092 2807 2199 2888 pio
2228 2803 2646 2868 Ludewico
2678 2805 2804 2868 filio
2835 2805 3052 2868 Karoli
3073 2807 3442 2868 memoriam
3482 2803 3761 2868 fecimus.
3791 2823 3922 2868 non

1124 2897 1547 2976 incongruum
1576 2890 1822 2954 uidetur
1850 2895 1961 2971 pia
1988 2909 2187 2972 opera
2218 2891 2576 2954 deuotionis
2610 2897 2772 2958 eius.
2821 2911 2945 2974 que
2985 2895 3159 2955 circa
3198 2891 3553 2955 uniuersam
3592 2889 3924 2956 ecclesiam

1027 3022 1036 3030 -
1127 2983 1419 3045 exercuit
1466 2979 1693 3061 paucis
1728 2979 2123 3044 innotescere
2171 2977 2397 3043 uerbis.
2427 2979 2794 3043 Inuenimus
2828 2981 2996 3041 enim
3026 2981 3094 3041 in
3124 2979 3501 3061 quibusdam
3535 2977 3790 3042 cartulis
3810 2999 3923 3059 pre

1128 3071 1327 3131 nimia
1366 3067 1677 3130 uetustate
1708 3068 1931 3148 partim
1963 3064 2213 3131 deletis.
2244 3069 2474 3147 partim
2504 3074 2695 3129 etiam
2723 3070 3118 3149 antiquitate.
3155 3066 3522 3147 scripturam
3567 3066 3716 3129 satis
3748 3067 3927 3127 iuco-

1124 3157 1395 3239 guitam.
1419 3162 1483 3216 et
1498 3153 1908 3237 inlegibilem.
1939 3151 2221 3215 Tandem
2233 3156 2430 3217 nimia
2460 3154 2747 3215 sollercia
2777 3160 2842 3214 et
2867 3156 3323 3237 inportunitate
3351 3146 3586 3215 laboris
3597 3171 3634 3214 e
3654 3149 3923 3235 uestigio

1127 3240 1413 3305 insecuti.
1452 3242 1817 3306 inneuimus
1842 3240 2119 3320 paucula
2142 3240 2360 3302 uerba.
2386 3238 2560 3303 unde
2575 3243 2688 3301 uix
2711 3239 3054 3302 enucleare
3081 3238 3402 3319 potuimus
3415 3237 3586 3321 quod
3608 3236 3777 3300 idem
3790 3236 3933 3318 pius

1128 3325 1519 3391 Ludewicus
1550 3325 1715 3389 filius
1738 3326 1953 3388 Karoli
1968 3326 2092 3387 hoc
2114 3326 2520 3409 priuilegium
2536 3324 2787 3389 clericis
2800 3328 3178 3389 canonicam
3199 3325 3489 3409 regulam
3517 3325 3925 3395 seruantibue

1126 3413 1392 3477 dederit.
1408 3420 1477 3475 ut
1494 3412 1537 3473 k
1550 3413 1707 3475 elin
1720 3430 1761 3473 a
1779 3412 1851 3473 la
1863 3431 1903 3492 p
1915 3431 1954 3493 p
1970 3431 2011 3474 a
2029 3411 2261 3474 hoc'est
2274 3413 2472 3473 rubeo
2483 3413 2874 3493 pelliciorum
2892 3417 3115 3473 ornatu
3131 3417 3402 3473 utantur.
3419 3410 3749 3474 Monachis
3769 3428 3924 3475 uero

1129 3503 1197 3563 in
1226 3500 1591 3563 ciuitatibus
1623 3506 1686 3561 et
1713 3501 1778 3559 in
1796 3498 2311 3561 matricularibus
2349 3498 2757 3561 ecclesiarum
2787 3497 2952 3561 locis
2995 3496 3474 3559 conffl'tentibus
3498 3498 3774 3583 qui-cum
3793 3515 3928 3559 ma·-

1131 3589 1303 3649 ximo
1322 3586 1545 3649 labore
1560 3590 1626 3645 et
1639 3583 1835 3645 studio
1860 3584 2139 3647 diuinum
2166 3584 2503 3647 seruicium
2523 3590 2654 3646 toto
2679 3588 3460 3667 annitemporeperagunt
3483 3584 3748 3651 obtinuit
3762 3583 3928 3663 apud

1130 3690 1368 3753 papam
1412 3671 1508 3733 sui.
1532 3670 1835 3751 temporis
1854 3674 2330 3755 gregorium.
2362 3670 2668 3753 saginatis
2693 3674 2782 3735 uti
2811 3668 2979 3733 cibis.
3015 3677 3079 3735 et
3107 3669 3244 3751 post
3290 3668 3549 3753 uigilias
3579 3666 3928 3734 estiualium

1132 3760 1434 3821 noctium.
1466 3762 1661 3837 atque
1690 3760 1758 3818 in
1796 3754 2011 3819 festis.
2039 3758 2163 3818 XII.
2194 3757 2540 3821 lectionum
2575 3756 2714 3839 post
2739 3756 3085 3821 matutinas
3113 3754 3330 3821 somno
3369 3754 3640 3819 reficere
3671 3772 3926 3837 corpuS.

1130 3844 1393 3909 Sciebat
1423 3845 1593 3908 enim
1623 3846 1720 3905 uir
1762 3842 2043 3923 prudens
2066 3850 2131 3906 et
2159 3843 2373 3925 spiritu
2403 3862 2522 3930 seo
2552 3842 2790 3927 plenus.
2821 3842 2965 3927 plus
2985 3842 3206 3907 ualere
3236 3843 3318 3909 ad
3347 3842 3628 3905 diuinum
3657 3840 3930 3905 ministe-

1130 3934 1296 3993 rium
1324 3928 1715 4013 exigendum
1754 3930 1989 3993 licitam
2018 3937 2084 3993 et
2120 3930 2449 3996 honestam
2492 3938 2683 4015 atque
2743 3932 3102 3995 modestam
3161 3929 3454 4012 ‘corporis
3498 3917 3923 3995 fortitudinem

1134 4035 1329 4099 quam
1354 4016 1649 4081 miseram
1678 4023 1789 4079 aut
1818 4034 2041 4100 egram
2072 4018 2177 4081 uel
2204 4020 2421 4100 potius
2473 4013 2850 4102 indigestam
2889 4017 3177 4101 corporis
3224 4017 3667 4083 infirmitatem.
3695 4034 3838 4099 -que
3882 4014 3928 4082 ,Γι

1134 4103 1547 4169 immoderato
1560 4104 1793 4167 labore
1824 4098 2187 4170 afficeretur
2216 4108 2405 4179 citiua
2437 4104 2759 4169 deficeret.

1258 4325 1266 4336 '
1316 4310 1851 4402 (136')Colleetis
1880 4328 1948 4382 et
1977 4324 2359 4403 conscriptis
2380 4321 2742 4404 priuilegiis
2767 4320 3276 4402 apostolicorum.
3302 4328 3368 4381 et
3385 4321 3713 4401 preceptis
3731 4320 3926 4398 impe-

1136 4413 1413 4471 ratorum
1460 4426 1499 4471 a
1540 4416 1827 4489 tempore
1880 4409 2052 4470 beati
2106 4407 2424 4470 Bonisaeii
2477 4414 2545 4470 et
2588 4408 2733 4470 eius
2785 4410 3346 4488 contemporanei.·
3369 4406 3693 4468 Zacharie.
3739 4421 3924 4484 pape.

1136 4500 1453 4579 regnante
1480 4494 1747 4574 Pippino
1805 4494 2005 4575 usque
2042 4494 2119 4557 a'd
2162 4512 2435 4576 regnum
2464 4476 2765 4557 friderici
2809 4497 3230 4574 imperatoris.
3281 4492 3517 4574 placuit
3561 4492 3664 4552 bie
3693 4492 3929 4553 subne-

1138 4588 1315 4647 ctere
1360 4581 1729 4643 traditiones
1762 4580 2057 4644 fidelium.
2089 4584 2201 4663 qui
2236 4580 2319 4644 de
2362 4580 2634 4663 diuerfis
2677 4582 3050 4664 regionibus
3080 4580 3362 4644 tuldensi
3397 4578 3778 4641 monasterio
3805 4592 3929 4640 sua

1138 4667 1361 4751 predia
1388 4668 1806 4731 contulerunt.

1285 4847 1335 4915 ¹)
1360 4850 1475 4901 von
1496 4852 1721 4926 Brover
1741 4850 1906 4913 antiq.
1934 4846 2026 4899 171
2056 4848 2131 4899 let
2152 4862 2255 4900 nur
2276 4848 2364 4903 dle
2388 4848 2598 4901 aus-dle
2623 4849 2846 4914 Spelaen
2867 4848 3186 4920 hannone
3205 4846 3378 4897 steno
3401 4842 3736 4911 methone.
