4821 5976
2117 824 2268 903 Cap.
2305 824 2405 884 76.
3533 828 3662 887 155

865 996 1170 1057 bonorum
1203 994 1476 1055 ecclesie
1504 1010 1648 1055 cum
1679 992 1973 1055 fidelibus
2003 996 2160 1054 uiris
2191 993 2457 1073 possedi.
2487 1000 2553 1054 et
2572 995 2971 1057 municiones
2991 994 3059 1056 in
3088 996 3353 1057 circuitu
3374 994 3663 1076 disposui.

866 1080 1207 1159 uillamque
1237 1097 1316 1140 ac
1345 1078 1550 1139 forum
1581 1097 1785 1140 rerum
1815 1079 2136 1139 uenalium
2166 1083 2232 1139 in
2263 1078 2553 1140 suburbio
2576 1079 2905 1141 collocaui.

1036 1166 1228 1225 Porro
1260 1171 1326 1224 ut
1356 1183 1435 1225 eo
1459 1163 1730 1224 familior
1748 1164 1900 1225 mihi
1931 1166 2091 1225 esset
2121 1182 2263 1226 cum
2293 1166 2673 1243 imperatore
2699 1173 2763 1224 et
2785 1183 2925 1225 cum
2950 1166 3457 1226 ministerialibus
3480 1167 3666 1247 regni

865 1251 1184 1312 societatis
1205 1250 1706 1311 contubernium.
1753 1257 1826 1310 et·
1849 1251 1894 1309 si
1933 1252 2259 1332 ingrueret
2295 1250 2546 1309 bellum.
2588 1246 2669 1309 ad
2710 1266 2828 1309 eos
2868 1252 3053 1310 nobis
3092 1252 3299 1328 posset
3338 1251 3473 1313 esse
3512 1268 3667 1313 con·
3767 1280 3781 1294 ·

863 1336 1127 1417 fugium.
1174 1322 1252 1394 in'
1285 1335 1550 1410 castello·
1593 1338 1774 1416 regio
1813 1332 2504 1412 Bovmineburcb1)
2542 1336 2757 1395 menia
2801 1335 3128 1396 collocaui.
3172 1342 3237 1395 et
3274 1338 3671 1397 municiones

863 1420 1086 1481 firmas
1129 1420 1469 1481 construxi.
1513 1427 1576 1481 et
1615 1422 1680 1481 in
1735 1418 1988 1481 edificio
2032 1420 2138 1481 illo
2187 1438 2302 1501 pro
2356 1420 2600 1481 honore
2639 1426 2705 1499 et
2744 1419 3113 1481 defensione
3143 1422 3363 1481 nostre
3404 1423 3666 1483 multum

827 1536 834 1541 ·
861 1505 1145 1567 laboraui
1173 1505 1465 1567 ecclesie.
2714 1548 2717 1552 -

1035 1591 1165 1652 Sed
1195 1610 1280 1651 ne
1308 1594 1374 1652 in
1405 1593 1667 1652 circuitu
1699 1590 1823 1651 loci
1867 1591 2058 1651 nostri
2103 1589 2404 1652 fuldensis
2442 1591 2677 1651 scilicet
2717 1588 2930 1668 oppidi
2976 1587 3188 1669 aliqua
3219 1606 3261 1650 a
3288 1592 3443 1651 uiris
3478 1591 3665 1671 pesti·

865 1676 1142 1737 lentibus
1175 1679 1439 1736 oriretur
1470 1675 1708 1737 seditio.
1743 1675 1912 1756 quod
1941 1677 2092 1757 sepe
2121 1676 2196 1738 fit
2225 1672 2306 1737 ab
2335 1675 2439 1736 his
2460 1678 2568 1756 qui
2596 1676 2743 1736 ideo
2776 1673 2855 1735 ad
2886 1675 3143 1741 castella
3172 1674 3567 1757 confugiunt.
3598 1685 3666 1737 ut

865 1761 1128 1839 predam
1159 1762 1242 1823 de
1272 1763 1540 1843 regione
1572 1758 1989 1839 rumenter2).
2140 1804 3342 1835 .............
3350 1756 3361 1765 “
3434 1806 3449 1821 .
3540 1804 3559 1822 .
3650 1806 3665 1821 .
3731 1762 3749 1772 ‘

1043 1844 1267 1924 (193⁸)
1305 1848 1538 1907 strenui
1569 1855 1633 1907 et
1663 1846 1862 1907 fortes
1893 1853 2076 1907 erant
2105 1848 2365 1909 uiribus.
2409 1848 2477 1907 in
2516 1848 2787 1928 gratiam
2818 1852 3117 1924 receptos
3154 1845 3223 1905 in
3255 1845 3380 1905 alio
3410 1845 3667 1908 castello

868 1934 930 1992 in
962 1931 1234 2010 presidio
1265 1932 1594 1992 collocaui.

1032 2016 1106 2076 Et
1135 2023 1203 2076 ut
1230 2035 1346 2097 per
1377 2019 1588 2078 omnia
1618 2017 1920 2077 bellorum
1951 2019 2231 2097 pericula
2260 2017 2469 2099 locum
2501 2012 2907 2097 ac'populum
2936 2018 3212 2077 nostrum
3241 2018 3307 2076 in
3330 2016 3666 2078 securitate

861 2110 927 2161 et
957 2105 1171 2179 quiete
1193 2102 1481 2162 habitare
1503 2101 1805 2163 facerem.
1829 2110 2025 2164 totam
2052 2102 2427 2165 fuldensium
2449 2102 2662 2163 uillam
2685 2121 2863 2163 muro
2886 2100 3234 2163 firmissimo
3260 2102 3663 2163 circumdedi.

866 2186 1166 2265 ualloque
1221 2194 1286 2247 et
1338 2204 1586 2269 aggere
1633 2191 1896 2249 firmani.
1939 2189 2424 2271 propugnacula
2469 2189 2699 2249 locaui.
2749 2188 2968 2267 portas
3004 2187 3273 2248 ferratas
3306 2204 3385 2246 ac
3422 2188 3667 2247 seratas

862 2274 1097 2350 aptaui.
1137 2277 1203 2332 et
1240 2272 1439 2351 ipsum
1492 2273 1790 2351 populum
1835 2280 1962 2334 tam
2009 2274 2278 2336 edificiis
2309 2278 2501 2354 quam
2547 2275 2880 2335 armaturis
2910 2274 3169 2333 muniui.
3211 2275 3276 2331 et
3316 2271 3395 2332 ab
3440 2273 3666 2333 iniusta

859 2355 1134 2418 iudicum
1167 2357 1568 2435 obpressione
1599 2360 1820 2435 eripui.
2829 2424 2838 2432 ,
3314 2400 3319 2409 ·

875 2466 880 2469 ·
1030 2442 1166 2501 Non
1199 2442 1393 2502 solum
1425 2448 1636 2503 autem
1665 2446 1731 2504 in
1763 2443 2186 2503 exterioribus
2217 2442 2386 2504 curis
2402 2441 2795 2513 edificiorum
2817 2440 3168 2519 occupatus
3192 2445 3449 2519 propter
3477 2438 3665 2501 deum
3750 2512 3761 2517 ⁵

859 2532 924 2585 et
950 2532 1207 2604 propter
1235 2525 1541 2586 honorem
1570 2526 1696 2587 loci
1725 2534 1790 2585 et
1820 2544 1932 2605 pro
1966 2530 2318 2586 animarum
2351 2533 2541 2603 atque
2573 2543 2905 2603 corporum
2946 2524 3319 2585 defensione
3361 2532 3663 2604 quantum

857 2614 1031 2690 potui
1059 2611 1364 2672 laboraui.
1397 2611 1514 2672 sed
1539 2613 1730 2672 etiam
1754 2614 1819 2670 in
1849 2612 2273 2671 interioribus.
2305 2610 2369 2670 id
2393 2610 2572 2670 estin
2598 2610 3053 2669 restauratione
3074 2610 3435 2669 monasterii
3465 2628 3668 2689 quan-

858 2702 990 2756 tum
1020 2694 1479 2758 desudauerim.
1525 2697 1910 2757 notissimum
1956 2696 2251 2756 omnibus
2297 2696 2707 2756 cernentibus
2752 2695 2887 2755 esse
2930 2695 3178 2773 poterit.
3237 2694 3391 2753 Nam
3430 2700 3665 2755 tectum

859 2783 1222 2843 monasterii
1263 2800 1349 2843 ex
1391 2782 1645 2863 plumbo
1695 2786 1876 2863 prius
1928 2780 2165 2843 factum
2220 2780 2326 2843 sed
2367 2780 2679 2840 uetustate
2730 2779 3069 2859 collapsum
3122 2778 3556 2860 redintegrans
3602 2787 3665 2839 et

861 2866 1118 2928 adauxi.
1149 2870 1624 2947 campanarium
1656 2886 1742 2928 ex
1774 2870 2010 2947 optima
2041 2865 2428 2948 quadratura
2456 2867 2795 2927 construxi.
3623 2880 3627 2884 ·

1030 2952 1267 3015 videns
1309 2956 1503 3016 etiam
1555 2956 1706 3034 quia
1756 2954 1905 3014 fons
1950 2952 2347 3034 aqueductus
2399 2952 2775 3032 antiquitate
2824 2954 2889 3011 et
2938 2948 3251 3010 uetustate
3310 2944 3663 3010 defecisset.

857 3047 922 3098 et
951 3037 1253 3100 fratribus
1283 3041 1513 3100 nostris
1547 3040 1626 3100 ad
1665 3039 2049 3099 ablutionem
2089 3055 2390 3098 manuum
2431 3035 2751 3096 difficilem
2794 3041 2902 3095 aut
2944 3051 3153 3094 rarum
3192 3035 3383 3094 immo
3428 3033 3664 3094 nullum

857 3124 1166 3184 interdum
1189 3127 1482 3203 preberet
1512 3131 1810 3183 meatum.
1843 3121 2090 3184 habiles
2098 3120 2361 3182 canales
2378 3118 2696 3198 adaptaui.
2722 3126 2787 3180 et
2807 3137 2923 3198 per
2936 3119 3266 3197 plumbeas
3281 3117 3668 3181 harundines

855 3216 1132 3268 meatum
1163 3208 1358 3269 sontis
1380 3207 1876 3269 constantissime
1908 3209 2189 3287 reparari
2230 3207 2376 3267 feci.
2410 3212 2478 3266 ut
2507 3222 2830 3285 nunquam
2864 3222 2903 3265 a
2930 3203 3115 3264 modo
3157 3202 3461 3264 deficeret
3491 3220 3665 3282 aqua

857 3293 1170 3354 ebulliens
1201 3293 1494 3370 (194⁸)et
1525 3293 1604 3354 ad
1622 3293 1851 3353 manus
1874 3292 2256 3374 singulorum
2280 3291 2540 3351 fratrum
2566 3297 2795 3369 sponte
2812 3289 3163 3350 recurrens.
3195 3287 3290 3349 Ex
3312 3305 3439 3366 quo
3470 3289 3661 3348 etiam

858 3378 1212 3459 aqueductu
1231 3378 1424 3440 fontis
1431 3397 1665 3440 uenam
1677 3381 1742 3440 in
1759 3381 1996 3439 curiam
2009 3396 2218 3438 meam
2234 3375 2410 3438 deriu
2418 3378 2540 3437 aui.
2555 3382 2619 3435 et
2634 3373 2906 3454 lapidem
2920 3373 3230 3456 grandem
3238 3373 3431 3433 multo
3442 3372 3663 3434 labore

855 3481 972 3543 per
1009 3464 1223 3524 muros
1252 3465 1426 3526 urbis
1461 3465 1784 3526 inductum
1823 3463 2087 3543 repleui.
2131 3463 2266 3524 Hec
2316 3460 2398 3523 de
2444 3459 2712 3522 edificiis
2735 3467 2802 3520 et
2828 3459 3295 3522 municionibus
3326 3457 3657 3519 sufficiant.

1027 3548 1156 3610 Sed
1187 3555 1253 3608 ut
1282 3550 1540 3611 redeam
1572 3548 1652 3611 ad
1683 3554 1946 3627 primam
1976 3549 2435 3630 ingressionem
2464 3545 2861 3626 prouidentie
2890 3548 3069 3605 meet
3100 3561 3187 3605 ex
3216 3559 3343 3624 quo
3371 3548 3661 3621 tempore

855 3633 1070 3694 diuino
1097 3641 1252 3694 nutu
1284 3640 1427 3714 cepi
1457 3652 1690 3718 regere
1721 3635 2070 3718 fuldensem
2101 3635 2457 3695 ecclesiam.
2500 3632 2747 3710 semper
2776 3630 2810 3691 s
2814 3633 2875 3690 ui
2916 3633 3199 3692 intentus
3244 3646 3323 3690 ac
3366 3627 3685 3689 sollicitus.

856 3720 1134 3796 qualiter
1181 3721 1352 3782 bona
1407 3719 1677 3782 ecclesia
1729 3722 1940 3782 nostre
1983 3738 2022 3782 a
2074 3719 2511 3801 diripientibus
2570 3720 2895 3797 requirere
2942 3715 3207 3794 possem.
3266 3713 3339 3773 Et
3388 3731 3504 3792 per
3554 3711 3660 3774 dei

855 3803 1240 3864 uoluntatem
1273 3814 1576 3884 quantum
1607 3810 1778 3886 potui
1809 3807 2053 3885 perfeci
2094 3809 2158 3866 in
2189 3806 2417 3866 eodem
2462 3803 2587 3864 hoc
2628 3805 2911 3884 negotio.
2958 3802 3111 3861 Nam
3156 3799 3381 3860 omnes
3414 3797 3659 3860 uillica-

855 3889 1068 3948 tiones
1079 3891 1398 3950 circuiens
1421 3898 1485 3950 et
1516 3890 1774 3952 sollicite
1799 3893 2136 3972 inquirens.
2161 3893 2380 3953 inueni
2403 3889 2658 3950 tandem
2683 3907 2798 3968 per
2820 3886 3095 3948 fidelium
3124 3884 3361 3948 indicia
3380 3886 3658 3944 uirorum

853 3980 1156 4052 quantum
1187 3975 1423 4054 ubique
1453 3974 1810 4036 distractum
1843 3978 1933 4036 fit.
1967 3977 2210 4038 Deinde
2237 3977 2538 4056 paulatim
2568 3993 2683 4054 per
2712 3973 3000 4055 singulos
3040 3970 3121 4033 ad
3160 3971 3285 4033 hoc
3327 3972 3655 4052 negotium

855 4059 1176 4120 accedens
1198 4077 1408 4136 pauca
1437 4059 1518 4122 de
1547 4062 1756 4121 multis
1779 4063 2094 4140 requisiui.
2130 4061 2364 4123 Omnes
2389 4063 2558 4121 enim
2589 4059 3029 4121 distractiones
3044 4059 3369 4138 requirere
3396 4056 3684 4115 minime-

852 4146 1048 4223 potui.
1091 4147 1239 4223 quia
1280 4147 1505 4206 omnes
1539 4147 1980 4207 ministeriales
2018 4147 2287 4209 ecclesie
2334 4146 2700 4208 assistebant
2740 4147 2872 4206 sibi.
2908 4144 3134 4204 omnes
3170 4143 3281 4201 sua
3323 4138 3662 4220 querentes

853 4247 981 4288 non
1025 4247 1152 4308 que
1194 4229 1300 4290 ihu
1347 4233 1478 4311 xpi.
1531 4232 1959 4314 Veruntamen
1997 4237 2062 4293 in
2117 4231 2383 4314 singulis
2439 4231 2930 4292 uillicationibus
2992 4227 3228 4309 aliquid
3278 4226 3536 4287 obtinui.
3588 4229 3655 4286 in

999 4507 1043 4570 ¹)
1075 4509 1292 4558 Brower
1315 4512 1421 4559 und
1443 4510 1718 4568 ,schannat
1739 4513 2020 4564 schreiben
2043 4514 2083 4563 B
2095 4528 2124 4562 e
2135 4527 2186 4564 m
2196 4525 2246 4564 m
2258 4527 2288 4564 e
2299 4514 2320 4563 1
2331 4514 2362 4562 b
2373 4527 2408 4564 u
2423 4525 2513 4578 τε.

991 4609 1042 4671 ²)
1071 4611 1165 4660 Die
1192 4613 1306 4661 dret
1331 4614 1532 4664 letzten
1549 4614 1731 4664 Zeilen
1756 4617 1856 4664 aus
1871 4617 1967 4666 sol.
1999 4614 2121 4664 193·
2143 4619 2250 4664 und
2275 4616 2360 4666 die
2387 4614 2524 4665 zwel
2549 4616 2729 4664 ersten
2752 4611 2855 4662 aus
2872 4610 3111 4662 sol.193⁸
3134 4610 3249 4660 sind
3276 4606 3649 4672 ausgekratzt,

853 4679 981 4726 dass
1007 4679 1170 4729 kaurn
1209 4681 1446 4730 einzelue
1475 4682 1808 4732 Buchstaben
1843 4697 1908 4732 zu
1935 4685 2204 4733 erkennen
2241 4685 2374 4732 sind.
2407 4684 2469 4732 ln
2504 4685 2600 4732 der
2632 4682 2799 4745 Kopse
2834 4693 2935 4730 aus
2960 4683 3078 4728 dem
3112 4677 3449 4726 dreizebnten
3484 4675 3646 4722 Jahr—

851 4747 1080 4795 bundert
1104 4748 1241 4797 fehlt
1265 4751 1361 4798 der
1383 4762 1560 4814 genae
1583 4751 1866 4802 Absclmitt
1889 4763 1998 4804 von
2019 4753 2146 4802 Sed
2179 4765 2254 4804 ne
2278 4777 2347 4788 --
2369 4753 2433 4800 tn
2457 4751 2755 4813 presidio
2780 4745 3135 4799 collocant.

3004 4829 3125 4890 20⁸
