4821 5976
1067 860 1201 920 144
2189 858 2341 939 cap.
2388 858 2492 919 65.
2525 858 2628 921 66.

1064 1028 1285 1120 predia
1308 1030 1553 1111 quique
1584 1029 1809 1092 fideles
1829 1026 2094 1089 fuldensi
2127 1028 2399 1089 ecclesie
2428 1044 2544 1108 pro
2573 1025 2818 1087 honore
2849 1028 2948 1088 sci
2977 1026 3288 1091 Bonifacii
3313 1031 3781 1114 archiepiscopi
3801 1044 3864 1095 et

1064 1100 1338 1177 martiris
1380 1116 1762 1176 conferrent.
1818 1114 2261 1193 cresceretque
2307 1119 2371 1173 et
2423 1119 2937 1174 aucmentaretur
2975 1112 3200 1174 domus
3247 1114 3482 1176 domini
3525 1117 3606 1177 de
3652 1117 3754 1180 die
3796 1122 3864 1180 in

1066 1199 1253 1262 di‘em.
1288 1201 1513 1261 Obtulit
1547 1218 1703 1279 ergo
1733 1204 1999 1279 primum
2032 1198 2520 1280 salzburgensis
2555 1200 2826 1259 ecclelia
2855 1201 3040 1259 matri
3069 1200 3180 1259 sue
3209 1200 3475 1261 fuldensi
3507 1203 3776 1264 ecclesie
3798 1207 3864 1265 in

1068 1287 1447 1367 oppidosuo
1500 1286 1726 1345 Halla
1764 1290 2128 1363 nuncupato
2170 1283 2420 1344 domum
2468 1290 2530 1343 et
2573 1283 2810 1344 sontem
2857 1284 3000 1344 salis
3047 1302 3190 1345 cum
3232 1290 3770 1366 compertinentiis
3801 1294 3868 1350 et

1067 1371 1435 1433 utensilibus
1467 1372 1617 1431 suis.
1650 1370 1821 1431 unde
1852 1370 2119 1451 singulis
2141 1371 2325 1430 annis
2350 1368 2489 1430 .le
2523 1370 2762 1429 talenta
2795 1370 3061 1449 persolui
3091 1372 3362 1449 possunt.
3405 1371 3636 1434 Obtulit
3675 1378 3868 1435 etiam

1066 1458 1515 1537 ratisponensis
1560 1456 1832 1517 ecclesia
1864 1457 2009 1516 .1111.
2041 1456 2269 1515 uineas
2293 1462 2353 1515 et
2387 1456 2534 1515 .1111.
2578 1455 2796 1533 (162⁸)
2835 1455 3094 1537 regales
3127 1458 3403 1517 mansus.
3453 1476 3594 1517 cum
3635 1460 3870 1519 curtili-

1065 1543 1187 1603 bus
1220 1549 1284 1601 et
1314 1541 1857 1620 compertinentiis
1880 1557 1955 1601 ac
1988 1539 2242 1601 familiis
2272 1542 2426 1602 suis.
2459 1540 2634 1601 vnde
2666 1540 2927 1621 lingulis
2959 1542 3145 1601 annis
3176 1542 3594 1603 transmittere
3635 1543 3868 1605 debent

1066 1627 1149 1687 ad
1180 1621 1527 1687 fuldensem
1572 1626 1906 1687 ecclesiam
1950 1624 2248 1686 fratribus
2296 1624 2418 1686 deo
2462 1632 2523 1685 et
2565 1627 2754 1686 beato
2795 1625 3122 1688 Bonisacio
3169 1628 3588 1689 seruientibus
3631 1630 3868 1707 piscem

1066 1730 1371 1794 magnum
1402 1712 1443 1773 h
1462 1708 1643 1771 aren
1674 1718 2123 1790 nuncupatum.
2158 1718 2220 1770 et
2253 1710 2333 1771 de
2358 1712 2500 1770 oleo
2526 1713 2812 1771 arborum
2849 1720 3148 1790 quantum
3181 1716 3329 1792 equi
3362 1714 3486 1774 duo
3517 1717 3582 1774 in
3611 1715 3868 1795 lagenis

1068 1798 1410 1861 deferrent.
1465 1797 1663 1857 Simili
1713 1796 1901 1857 modo
1955 1796 2035 1857 de
2087 1796 2231 1857 oleo
2276 1803 2340 1856 et
2393 1795 2474 1856 de
2535 1797 2705 1875 pisce
2745 1796 2984 1858 solebat
3022 1800 3413 1876 patauiensis
3475 1799 3766 1862 ec‘clefia.
3807 1798 3872 1861 id

1070 1891 1191 1944 est.
1225 1882 1369 1943 dum
1400 1886 1649 1943 uiueret
1676 1882 1983 1942 viuuluf
2006 1883 2341 1961 episcopus
2366 1882 2664 1942 fratribus
2689 1878 2992 1943 fuldensis
3014 1884 3375 1943 monasterii
3401 1884 3666 1966 singulis
3681 1886 3872 1953 annis

1067 1972 1133 2029 in
1166 1968 1547 2043 oblationem
1574 1970 2023 2028 transmittere.
2051 1966 2184 2040 Quo
2209 1966 2512 2027 defuncto
2532 1967 2833 2045 paulatim
2855 1987 2972 2046 per
2991 1969 3452 2049 negligentiam
3477 1978 3540 2031 et
3563 1972 3870 2031 incuriam

1070 2055 1177 2114 seu
1210 2073 1324 2133 per
1353 2057 1457 2113 uie
1488 2054 2015 2134 longinquitatem
2047 2053 2424 2113 subtractum
2457 2059 2577 2113 est.
2610 2052 3022 2134 Frisingensis
3053 2072 3206 2113 uero
3240 2054 3514 2115 ecclesia
3541 2058 3644 2115 cui
3686 2074 3872 2133 pree-

1052 2146 1169 2216 ‚rat
1195 2138 1683 2199 Erembertus
1716 2139 2053 2219 episcopus
2085 2156 2209 2217 que
2240 2142 2416 2198 iuxta
2452 2140 2632 2216 alpes
2655 2143 2718 2197 et
2748 2144 3050 2199 montana
3078 2138 3256 2198 Italie
3289 2143 3415 2200 sita
3445 2147 3568 2199 est.
3616 2139 3879 2221 singulis
3905 2184 3910 2191 .

1072 2226 1259 2285 annis
1282 2224 1506 2285 caseos
1542 2224 1834 2305 grandes.
1878 2224 2253 2285 berckese
2297 2225 2565 2285 uocatos
2603 2222 2992 2284 fuldensibus
3038 2223 3336 2284 fratribus
3382 2228 3444 2283 in
3489 2226 3872 2285 oblationem

1070 2311 1554 2370 transmittebat.
1585 2310 1883 2369 Preterea
1927 2308 2007 2370 de
2048 2308 2311 2391 singulis
2342 2317 2646 2370 terrarum
2699 2310 3046 2387 prouinciis
3077 2310 3184 2370 seu
3226 2310 3598 2390 regionibus
3645 2310 3873 2390 singuli

1068 2396 1295 2457 fideles
1336 2394 1689 2455 offerebant
1734 2393 1856 2454 deo
1912 2400 1976 2452 et
2018 2394 2205 2454 beato
2246 2394 2575 2453 Bonifacio
2617 2393 2834 2471 predia
2879 2396 2987 2453 seu
3025 2396 3366 2472 mancipia.
3423 2414 3568 2473 que
3621 2398 3876 2456 omnia

1071 2481 1461 2558 descripta
1479 2480 1708 2538 ‘'sunt
1688 2498 1765 2539 ιιι
1798 2484 1971 2537 octo
2003 2477 2416 2540 codicellis
2449 2484 2522 2538 et
2552 2478 2892 2556 reposita
2920 2481 2998 2538 in
3029 2478 3350 2539 librario
3390 2480 3514 2540 sce
3559 2480 3876 2540 fulden·
3887 2498 3910 2507 ‘

1073 2566 1177 2625 sis
1211 2564 1567 2625 ecclesie.

1246 2648 1629 2709 Willibald
1646 2666 1683 2704 u
1699 2647 1731 2704 s
1748 2650 1937 2705 etiam
1964 2645 2066 2705 sce
2090 2646 2165 2703 Ε
2152 2666 2165 2703 ι
2184 2646 2221 2704 h
2238 2646 2469 2704 stensi
2486 2647 2516 2704 s
2533 2644 2804 2706 ecclesie
2829 2648 3178 2725 episcopus
3212 2646 3430 2707 obtulit
3453 2646 3574 2709 deo
3599 2654 3663 2707 et
3686 2650 3874 2709 beato

1076 2734 1424 2793 Bonisacio.
1444 2735 1628 2792 cuius
1653 2732 1787 2808 ipse
1806 2730 2121 2810 quondam
2144 2728 2381 2791 fidelise
2398 2737 2496 2790 rat
2516 2730 2874 2809 discipulus.
2897 2732 3324 2813 fratribusque
3348 2733 3475 2791 suis
3490 2732 3875 2794 fuldensibus

1050 2822 1141 2901 ,iu
1172 2819 1554 2879 oblationem
1585 2817 1797 2876 uillam
1827 2832 2016 2875 unam
2049 2819 2112 2876 in
2142 2833 2315 2896 pago
2342 2816 2437 2875 Su
2458 2815 2920 2877 alefeldensi
2951 2820 3159 2877 sitam.
3186 2816 3526 2878 Rficliese
3550 2836 3880 2898 nuncupa-

1072 2912 1222 2964 tam.
1264 2910 1335 2963 ut
1364 2920 1575 2963 annuo
1619 2903 1813 2962 censu
1855 2901 2087 2962 fratres
2126 2920 2239 2980 pro
2283 2902 2373 2961 sui
2421 2905 3024 2962 commemoratione
3061 2902 3554 2965 consolationem
3595 2911 3658 2964 et
3703 2905 3876 2965 obla-

1070 2993 1307 3051 tionem
1337 2997 1399 3049 et
1421 2992 1789 3068 pictantiam
1813 2987 2141 3048 haberent.
2172 2987 2247 3047 Et
2268 2995 2335 3047 ut
2358 2987 2638 3048 breuiter
2655 2988 2850 3048 multa
2873 2988 3394 3069 perstringamus.
3421 2993 3573 3070 quia
3595 2993 3874 3050 omnium

1070 3076 1477 3137 ecclesiarum
1510 3075 1709 3135 Gallie
1738 3073 2114 3134 Alamannie
2145 3080 2210 3133 et
2254 3073 2590 3133 Germanic
2639 3075 2960 3151 apostolus
3001 3079 3065 3133 et
3101 3074 3462 3153 predicator
3505 3078 3712 3136 extitit
3758 3087 3874 3136 scs

1068 3161 1457 3222 Bonifacius.
1488 3163 1625 3221 iure
1657 3158 1735 3220 ab
1768 3159 2061 3221 omnibus
2091 3159 2395 3241 gentibus
2429 3161 2491 3219 ei
2523 3158 2880 3220 soluebatur
2907 3175 3173 3220 census.

1396 3397 1619 3476 (162³)
1668 3398 1793 3470 66.
1830 3397 1935 3470 De
1972 3394 2338 3471 oblatione
2378 3395 2660 3468 domine
2698 3395 2996 3469 Albrate
3034 3351 3424 3471 comitissae
3462 3395 3549 3474 ¹).

1236 3621 1545 3694 Quoniam
1578 3617 1829 3698 quidem
1862 3635 1993 3677 non
2034 3615 2229 3677 folum
2269 3613 2574 3696 indigene
2620 3614 2740 3677 sed
2786 3619 2976 3677 etiam
3025 3633 3110 3676 ex
3146 3616 3516 3698 longinquis
3563 3627 3868 3680 terrarum

1062 3706 1351 3785 partibus
1384 3707 1647 3764 ueniunt
1676 3703 1900 3765 fideles
1924 3719 2109 3762 orare
2140 3708 2205 3762 et
2236 3699 2764 3763 offerre'munera
2794 3704 2858 3762 in
2901 3701 3086 3762 domo
3127 3700 3361 3763 domini
3403 3705 3754 3764 saluatoris.
3805 3707 3866 3764 in

1056 3790 1288 3868 templo
1335 3789 1572 3850 domini
1622 3787 1901 3848 sabaoth.
1945 3789 2012 3847 in
2053 3787 2431 3846 monasterio
2474 3787 2710 3849 scilicet
2749 3789 2848 3847 sci
2889 3785 3201 3847 Bonifacii
3239 3791 3511 3849 martiris
3540 3793 3556 3851 ξ
3590 3791 3872 3850 sentiens

1058 3875 1316 3936 odorem
1371 3880 1794 3955 ungentorum
1842 3877 1906 3933 et
1945 3872 2178 3932 famam
2224 3879 2540 3933 tantarum
2581 3874 2875 3932 uirtutum
2918 3871 3202 3932 diffusam
3247 3875 3312 3934 in
3356 3875 3650 3936 cordibus
3695 3893 3866 3954 pene

1058 3961 1331 4021 omnium
1364 3962 1690 4020 nationum
1721 3957 1994 4038 quedam
2024 3958 2253 4018 nobilis
2284 3958 2613 4019 comitissa.
2663 3958 2846 4019 diues
2872 3965 3264 4018 terrenarum
3307 3959 3697 4021 facultatum.
3742 3959 3866 4019 Al-

1056 4047 1279 4106 berat
1308 4049 1695 4123 nuncupata.
1727 4043 1925 4105 uoluIt
1952 4047 2275 4123 particeps
2306 4042 2447 4102 fieri
2478 4045 2831 4103 orationum
2877 4041 3152 4103 fidelium
3184 4044 3444 4105 fratrum
3485 4048 3550 4105 in
3595 4043 3861 4106 fuldensi

1056 4121 1434 4191 monasterio
1466 4131 1585 4192 deo
1620 4131 2031 4209 omnipotenti
2060 4128 2165 4190 die
2194 4134 2515 4209 noctuque
2547 4127 2940 4188 deuotissime
2983 4126 3436 4190 famulantium.
3481 4148 3752 4209 cumque
3794 4130 3860 4188 sc

1049 4215 1407 4294 applicaret
1436 4216 1517 4277 ad
1549 4219 1718 4276 ostia
1763 4215 2099 4276 exterioris
2128 4213 2540 4274 tabernaculi.
2581 4213 2644 4274 id
2691 4215 2783 4274 est
2826 4213 2906 4272 ad
2949 4213 3168 4291 portas
3201 4217 3498 4276 ciuitatis.
3543 4216 3646 4276 ubi
3689 4215 3862 4274 nulla

1058 4301 1314 4379 prorsus
1348 4301 1585 4361 femina
1618 4301 1805 4361 audet
1836 4290 2169 4381 progredi.
2186 4307 2255 4360 ut
2284 4300 2388 4360 uel
2419 4301 2506 4359 sic
2530 4298 2703 4360 uelut
2726 4299 2926 4358 Maria
2947 4299 3387 4377 introspiciens
3405 4303 3730 4360 satiaretur
3753 4299 3862 4362 de·

1060 4386 1305 4447 siderio,
1339 4405 1464 4464 quo
1494 4387 1871 4446 intrinsecus
1894 4385 2321 4446 attrahebantur
2350 4389 2416 4444 in
2450 4385 2721 4446 domino.
2757 4391 3066 4444 conuocat
3097 4403 3214 4463 per
3257 4388 3690 4446 internuncios
3718 4403 3861 4463 pre-

1054 4472 1220 4533 latos
1245 4472 1780 4552 congregationis.
1814 4479 1886 4531 et
1905 4472 2242 4549 exponens
2266 4470 2362 4530 eis
2385 4469 2758 4530 desiderium
2793 4471 2983 4528 animi
3023 4471 3115 4530 sui
3153 4479 3336 4552 rogat
3377 4473 3676 4532 obnixius
3715 4485 3860 4545 par-

1057 4561 1263 4638 ticeps
1308 4575 1529 4618 eorum
1574 4558 1929 4617 orationum
1974 4555 2131 4618 fieri.
2188 4555 2496 4638 Suscepta
2537 4557 2733 4637 igitur
2768 4555 2958 4634 plene
3003 4554 3416 4617 fraternitatis
3458 4562 3523 4615 et
3562 4553 3863 4614 orationis

1201 4770 1247 4835 ¹)
1278 4771 1501 4822 schann.
1530 4771 1711 4821 tradit.
1736 4769 1852 4820 608.
1876 4770 2048 4834 vergi.
2078 4783 2195 4832 cap.
2223 4768 2289 4818 60
2314 4782 2364 4819 a.
2382 4739 2393 4742 -
