4821 5976
3695 883 3758 928 11

956 1044 1529 1137 sammengestellt.
1553 1054 1687 1114 Von
1710 1051 1800 1114 Bl.
1836 1045 2233 1113 lava-15²(b
2257 1051 2417 1135 folgt
2440 1053 2552 1115 der
2565 1054 2900 1117 Absehnitt
2923 1053 3003 1116 de
3021 1053 3351 1130 reditibus,
3369 1060 3486 1117 das
3507 1055 3762 1118 Dienst-

954 1155 1083 1218 und
1126 1157 1595 1238 Z'insregisters
1626 1153 2022 1236 abgedruckt
2052 1155 2116 1215 S.
2156 1155 2511 1215 115—142.
2558 1155 2680 1216 Die
2712 1155 2944 1217 Blatter
2995 1151 3392 1217 1582—1901·
3438 1157 3763 1218 enthalten

955 1257 1059 1320 die
1090 1257 1572 1340 Schenkungen
1604 1257 1716 1318 der
1743 1255 2013 1316 Mouche
2058 1253 2183 1340 und
2216 1255 2918 1338 Klosterangehiirigen
2950 1259 3062 1317 mit
3103 1257 3761 1340 folgender·Vorrede.

958 1360 1303 1434 „Prefacio
1334 1363 1399 1421 in
1430 1359 1704 1420 libellum
1736 1357 1817 1418 de
1848 1357 2271 1418 oblationibus
2303 1356 2560 1418 fratrum
2591 1357 2994 1419 fuldensium.
3025 1359 3096 1419 ln
3125 1362 3381 1421 nomine
3412 1362 3767 1422 sancte‘tri-

844 1461 863 1476 ‘
956 1463 1175 1542 nitatis
1206 1469 1271 1522 et
1298 1459 1621 1522 indiuiduo
1653 1460 1935 1520 unitatis.
1967 1457 2323 1537 Descriptio
2347 1475 2538 1538 quam
2561 1458 3054 1541 diligentissime
3077 1460 3514 1523 traditionibus
3540 1479 3766 1544 regum

960 1581 1039 1626 ac
1068 1566 1417 1643 principum
1449 1567 1974 1644 caeterorumque
2006 1557 2458 1622 catholicorum
2488 1564 2762 1622 uirorum
2804 1563 2910 1641 qui
2949 1579 3062 1640 pro
3105 1580 3320 1622 amore
3359 1564 3624 1624 celestis
3653 1581 3768 1644 pa-

958 1669 1119 1726 triae
1150 1665 1403 1726 domino
1436 1664 1743 1724 saluatori
1772 1669 1992 1722 nostro
2024 1661 2212 1723 ihesu
2253 1661 2492 1724 christo
2524 1669 2589 1723 et
2618 1664 3088 1745 gloriosissimo
3129 1667 3270 1724 eius
3301 1667 3537 1724 martiri
3573 1651 3768 1725 ''Boni—

962 1766 1131 1827 faoio
1162 1773 1418 1826 terrena
1446 1766 1826 1845 patrimonia
1857 1764 2274 1824 contulerunt.
2323 1767 2738 1846 accingamur
2780 1765 2858 1826 ad
2901 1762 3325 1846 colligendum
3365 1764 3446 1826 de
3492 1765 3770 1848 singulis

964 1867 1247 1928 scedulis
1280 1873 1343 1928 et
1372 1870 1437 1926 in
1469 1883 1660 1926 unum
1694 1865 2242 1926 conscribendum.
2287 1867 2644 1927 oblationes
2675 1865 2951 1928 fidelium
2983 1884 3150 1946 quae
3176 1867 3538 1946 specialiter
3567 1867 3773 1929 fratri-

964 1970 1083 2031 bus
1117 1976 1385 2030 sanctae
1415 1968 1731 2029 fuldensis
1763 1970 2293 2050 congregationis
2320 1967 2400 2028 ad
2423 1967 2547 2030 hoo
2571 1975 2720 2030 sunt
2745 1967 3032 2030 collatae.
3061 1975 3126 2027 ut
3150 1985 3230 2027 eo
3255 1971 3554 2029 attentius
3581 1975 3774 2048 atque
3825 1979 3832 1987 “
3910 2015 3922 2024 .

966 2069 1335 2151 diligentius
1366 2087 1479 2150 pro
1505 2071 1839 2130 animabus
1866 2087 2083 2130 eorum
2108 2069 2343 2131 domini
2367 2069 2870 2131 misericordiam
2898 2084 3170 2129 exorare
3194 2067 3510 2130 studeant.
3537 2076 3774 2150 quanto

969 2171 1397 2234 sufficientius
1426 2171 1667 2232 illorum
1700 2172 2246 2233 consolationibus
2280 2174 2603 2232 annuatim
2637 2172 2986 2232 sustentari
3009 2170 3320 2232 uidentur.
3345 2171 3472 2230 Nec
3493 2179 3778 2250 praeter-

971 2273 1247 2334 eundum
1280 2279 1380 2333 est
1410 2279 1603 2333 nacta
1632 2281 1942 2351 oportuna
1974 2291 2051 2333 ac
2082 2255 2463 2333 necessaria
2487 2276 2835 2333 occasione
2859 2272 3279 2332 interserendi
3304 2278 3369 2331 et
3389 2289 3500 2349 pro
3525 2272 3778 2333 modulo

965 2382 1193 2458 „nostro
1223 2377 1627 2453 questionem
1658 2372 2116 2450 compendiose
2139 2371 2450 2432 soluendi.
2475 2371 2635 2432 Sunt
2659 2375 2766 2452 qui
2791 2373 3001 2432 dicant
3033 2390 3161 2431 non
3192 2387 3348 2432 esse
3380 2376 3779 2433 conueniens

972 2475 1205 2536 fratres
1235 2476 1299 2533 in
1330 2476 1721 2534 monasterio
1750 2471 1854 2533 his
1886 2475 1994 2532 uti.
2026 2489 2150 2533 nee
2180 2472 2416 2544 debere
2453 2474 2742 2552 recipere
2798 2473 3173 2534 oblationes.
3208 2489 3376 2552 quae
3404 2490 3518 2552 pro
3550 2490 3784 2552 pecca-

972 2579 1058 2636 tis
1079 2580 1143 2636 et
1158 2574 1573 2656 negligentiis
1590 2573 1868 2660 fidelium
1897 2573 2261 2635 offeruntur.
2288 2573 2527 2648 Quibus
2545 2575 2900 2653 apostolica
2913 2593 3077 2637 uoce
3094 2577 3482 2637 contraimus
3507 2574 3782 2637 dicente.

980 2677 1048 2739 Si
1070 2677 1257 2739 uobis
1280 2677 1589 2756 spiritalia
1612 2680 2029 2738 seminamus.
2054 2675 2117 2737 id
2140 2682 2244 2737 est
2265 2679 2590 2738 orationes
2617 2675 2697 2738 ad
2720 2676 2907 2738 deum
2930 2679 3252 2738 mittimus.
3279 2695 3391 2739 cur
3412 2696 3540 2739 non
3563 2685 3784 2740 uestra
3843 2729 3858 2747 ,

980 2780 1263 2843 carnalia
1290 2767 1625 2840 metamus'.
1658 2778 1721 2839 id
1752 2786 1856 2840 est
1883 2780 2123 2840 uestris
2168 2781 2439 2840 terrenis
2471 2779 2878 2841 facultatibus
2909 2779 3338 2840 subleuamnr.
3371 2779 3581 2862 Magis
3614 2782 3785 2841 enim

978 2899 1103 2944 nos
1146 2882 1447 2943 conuenit
1490 2879 1767 2942 fidelium
1808 2879 2162 2941 oblationes
2209 2897 2468 2940 sumere
2509 2897 2702 2960 quam
2753 2881 3024 2942 clericos
3072 2882 3422 2943 seculares.
3483 2883 3574 2943 llli
3615 2885 3786 2942 enim

982 2983 1147 3047 ludis
1180 2991 1244 3045 et
1274 2982 1816 3063 superfluitatibus
1848 3001 1932 3044 ea
1964 2983 2309 3043 insumunt.
2356 2998 2480 3044 nos
2514 2981 2595 3045 ad
2625 2985 2910 3063 corporis
2940 2987 3401 3046 necessitatem
3431 2983 3535 3046 his
3566 2986 3797 3046 utimur

982 3094 1047 3149 et
1080 3105 1197 3167 pro
1236 3087 1405 3148 bona
1444 3086 1631 3147 nobis
1682 3084 2067 3147 facientibus
2112 3086 2428 3144 instanter
2473 3101 2751 3145 oramus.
2767 3088 2808 3119 ‘⁴
2859 3085 2995 3145 Den
3035 3084 3307 3148 Schluss
3347 3086 3465 3147 des
3509 3090 3794 3149 zweiten

981 3186 1195 3250 Theils
1224 3187 1440 3248 macht
1466 3186 1571 3249 die
1602 3187 1667 3246 S.
1708 3186 1825 3245 153
1866 3203 1930 3244 u.
1963 3183 2007 3244 f.
2050 3182 2488 3265 abgedruckte
2517 3184 3058 3265 Autobiographie
3102 3187 3220 3248 des
3251 3188 3408 3249 Abts
3439 3187 3794 3264 Marcuard,

982 3289 1115 3365 „de
1146 3292 1357 3371 gestis
1386 3286 1737 3349 Mareuardi
1767 3286 2040 3347 abbatis.
2054 3288 2099 3322 ‘⁴

1154 3390 1405 3471 Wegen
1446 3380 1558 3450 der
1604 3403 1886 3469 grossen
1926 3387 2161 3465 Menge
2214 3385 2544 3448 bildlicher
2581 3386 3071 3468 Darstellungen
3110 3386 3195 3447 ist
3234 3386 3337 3448 die
3381 3386 3794 3449 Handschrifl

984 3490 1148 3555 auch
1193 3490 1295 3553 fiir
1322 3490 1425 3552 die
1455 3488 2047 3571 Kunstgeschichte
2086 3504 2219 3550 von
2257 3487 2462 3551 boher
2489 3488 2918 3570 wichtigkeit.
2957 3488 3072 3550 Die
3115 3488 3310 3549 Stelle
3349 3488 3464 3551 der
3500 3486 3791 3551 Initialen

980 3599 1306 3656 vertreten
1338 3589 1752 3675 gewohnlich
1779 3588 2006 3664 Bilder‚
2038 3608 2257 3673 ganne
2287 3589 2444 3652 oder
2472 3589 2660 3652 halbe
2688 3590 2987 3671 Figuren‚
3019 3591 3330 3673 groteske
3359 3590 3792 3675 Thiergestal·

982 3702 1111 3772 ten,
1140 3693 1627 3776 phantastisohe
1666 3691 2092 3775 Ungetbiime,
2131 3692 2534 3754 Arabesken.
2571 3692 2689 3753 Die
2733 3692 3010 3773 Figuren
3051 3691 3282 3753 stehen
3323 3696 3388 3753 in
3428 3708 3634 3773 enger
3669 3692 3791 3753 Be·

984 3796 1268 3880 ziehung
1310 3798 1423 3862 mit
1466 3795 1587 3857 den
1630 3794 1973 3859 Urkunden
2030 3794 2161 3855 und
2218 3794 2448 3855 stellen
2483 3796 2558 3874 je
2599 3792 2768 3855 nach
2813 3792 2958 3853 dem
2998 3792 3238 3856 Stande
3284 3794 3439 3856 oder
3476 3793 3621 3856 dem
3667 3794 3790 3855 Ge·

985 3898 1315 3961 schlechte
1341 3898 1745 3980 desjonigen‚
1761 3914 1892 3957 von
1916 3895 2060 3957 dem
2082 3895 2189 3958 die
2210 3894 2512 3959 Urkunde
2535 3895 2690 3958 oder
2709 3894 2814 3958 die
2835 3894 3015 3957 darin
3039 3895 3378 3977 gemachte
3393 3894 3790 3979 Schenkung

982 4000 1291 4075 henfihrt,
1318 3996 1793 4062 verschiedene
1819 3999 2151 4059 Personen
2183 3997 2315 4073 dar,
2361 3998 2618 4073 Pfibste,
2663 3996 2916 4073 Kaiser,
2946 3996 3218 4079 Konige,
3249 3998 3465 4073 Ritter‚
3495 3996 3785 4075 Monens,
3817 3994 3828 4005 ⁸

983 4102 1233 4164 Frauen
1258 4100 1281 4143 ¹
1297 4104 1359 4181 ).
1388 4101 1498 4164 Bd.
1528 4102 1602 4176 ΙΙ,
1636 4101 1707 4163 6·
1734 4102 1821 4163 ist
1850 4098 1971 4164 das
1998 4098 2485 4176 bedeutendste,
2520 4098 2626 4162 die
2665 4116 2886 4182 ganne
2913 4098 3090 4160 Seite
3120 4098 3585 4162 einnehmende
3613 4099 3784 4176 Bild3

1132 4398 1183 4463 ¹)
1208 4398 1479 4449 schannat
1512 4396 1719 4447 scheint
1748 4398 1896 4449 diosc
1929 4398 2195 4450 Bildnisso
2230 4398 2321 4449 ffir
2354 4398 2605 4449 Portrnt·
2637 4409 2748 4449 von
2779 4398 3164 4463 zeitgenonen
3187 4396 3504 4449 Eberhard’u
3527 4398 3780 4462 gehalten

986 4496 1057 4535 zu
1080 4484 1269 4535 haben.
1310 4484 1403 4533 Bd.
1424 4483 1493 4547 11,
1518 4482 1609 4531 25·
1641 4483 1783 4533 steht
1806 4495 1909 4533 vor
1949 4474 2045 4535 der
2078 4484 2153 4535 im
2188 4496 2387 4547 corpus
2425 4482 2607 4535 tradit.
2629 4496 2682 4533 n.
2709 4482 2810 4533 289
2835 4484 3244 4548 abgcoruckten
3277 4482 3601 4547 Soheoknng
3633 4480 3778 4533 einer

984 4570 1255 4635 gewissen
1278 4567 1611 4617 Burcsulnda
1634 4580 1735 4617 aus
1758 4570 1878 4619 dem
1902 4568 1951 4619 9.
1975 4570 2363 4621 Jahrhunderte
2401 4572 2502 4619 das
2541 4569 2814 4619 Brustblld
2838 4570 2986 4621 einer
3015 4570 3273 4621 matrone.
3309 4569 3582 4619 schannat
3605 4568 3778 4617 dioec.

986 4654 1135 4703 ruld.
1174 4653 1271 4702 120
1302 4667 1353 4702 u.
1397 4652 1485 4701 121
1516 4652 1631 4701 halt
1672 4665 1733 4701 es
1768 4654 1858 4702 fiir
1890 4654 1973 4703 dte
2011 4654 2311 4720 Alibildung
2337 4657 2434 4705 der
2457 4652 2769 4719 Bethtrada,
2793 4654 2998 4705 welche
3040 4655 3111 4704 im
3134 4655 3296 4705 Jahre
3325 4653 3456 4703 1137
3495 4651 3569 4716 (s.
3594 4652 3776 4703 tradit.

986 4750 1038 4789 n.
1063 4734 1195 4803 632)
1224 4723 1339 4787 el'ne
1364 4736 1687 4801 Schenkung
1707 4738 1935 4801 rnechte,
1958 4740 2066 4787 und
2090 4740 2183 4789 hat
2207 4741 2291 4789 die
2315 4740 2550 4790 Umrisse
2572 4740 2657 4790 als
2682 4742 2780 4788 das
2805 4738 3023 4789 Portrnt
3048 4740 3329 4789 derselben
3353 4736 3687 4800 mitgetheilt.

3118 4856 3196 4896 *ss
