4821 5976
2019 861 2172 944 eq».
2205 860 2309 926 σε.
2356 811 2461 924 eo.
2871 849 2894 881 ²
3278 938 3289 943 ,
3512 864 3641 960 1¹4?

848 1026 1196 1113 predictum
1219 1036 1338 1091 est.
1374 1025 1594 1107 (166⁸)
1633 1026 1804 1091 Idem
1825 1032 1998 1090 uero'
2013 1029 2438 1092 Goteboldu
2452 1030 2486 1089 s
2507 1028 2866 1091 comestam
2888 1031 3141 1111 proprie
3166 1048 3355 1111 quam
3378 1028 3639 1095 fratrum

848 1113 1096 1177 utilitati
1125 1114 1466 1175 consulens
1497 1117 1806 1193 expetiuit
1834 1132 1876 1175 a
1906 1114 2224 1176 fratribus.
2257 1132 2336 1176 eo
2368 1114 2540 1196 quod
2566 1115 2820 1193 prefata
2846 1116 3144 1194 possesne
3174 1115 3233 1175 .S
3249 1114 3441 1175 ande
3458 1117 3491 1175 s
3528 1117 3639 1177 sue

847 1202 1186 1261 coniuncta
1227 1200 1392 1259 esset
1429 1198 1814 1277 possessioni.
1859 1206 1928 1259 ut
1967 1201 2079 1261 sibi
2125 1199 2670 1261 commendaretur
2708 1199 2790 1260 ad
2820 1198 3236 1261 excolendum
3269 1208 3331 1259 et
3362 1198 3639 1262 debitum
3677 1242 3690 1255 .

846 1285 1104 1346 censum
1134 1282 1281 1345 inde
1311 1282 1808 1362 persoluendum.
1843 1282 2034 1359 Cuius
2055 1286 2354 1363 peticioni
2383 1284 2615 1344 fratres
2650 1290 2979 1365 gratanter
3016 1285 3329 1345 assensum
3368 1285 3641 1362 prebue-

847 1374 1007 1429 runt.
1039 1371 1229 1447 eique
1259 1368 1428 1428 bona
1454 1370 1652 1446 petita
1675 1368 1783 1427 sub
1811 1366 1922 1427 tali
1950 1368 2314 1430 conditione
2335 1366 2959 1430 commendauerunt.
2988 1375 3057 1428 nt
3085 1367 3323 1430 inculta
3360 1371 3449 1428 uti
3493 1386 3640 1447 pro·-

844 1454 1096 1513 miserat
1125 1452 1468 1512 excoleret.
1501 1459 1566 1512 et
1596 1454 1918 1513 annuatim
1947 1451 2183 1513 exinde
2214 1454 2495 1534 quinque
2526 1451 2757 1512 solidos
2788 1454 2855 1512 in
2895 1452 3069 1512 nsum
3101 1452 3361 1513 fratrum
3403 1452 3641 1530 persol-

845 1542 1042 1682 lfelrgt.
1097 1536 1336 1597 Census
1373 1537 1568 1619 igitur
1609 1538 1676 1599 in
1719 1536 1880 1621 wig
1893 1554 1989 1619 ge
2004 1538 2131 1598 res
2165 1538 2302 1598 sunt
2353 1536 2594 1617 septem
2646 1535 2842 1597 solidi.
2890 1538 2957 1597 in
3014 1535 3309 1599 Sandes
3357 1539 3639 1617 quinque

873 1638 912 1680 o
933 1638 956 1681 ι
999 1640 1040 1682 ι.

1203 1804 1328 1879 69.
1365 1802 1469 1877 De
1507 1802 1873 1879 oblatione
1910 1804 2170 1879 Gerlai.
2209 1810 2284 1883 et
2319 1803 2695 1905 Regilinde
2731 1802 2989 1879 uxoris
3011 1805 3167 1879 eius
3192 1800 3251 1882 ¹)
3273 1856 3295 1879 .

1014 2020 1086 2083 In
1115 2025 1371 2084 nomine
1399 2041 1520 2087 sce
1549 2030 1614 2087 et
1641 2023 1966 2087 indiuiduo
1985 2026 2282 2088 trinitatis
2313 2026 2533 2089 Notum
2566 2026 2641 2085 sit
2668 2023 2961 2087 omnibus
2992 2022 3285 2085 fidelibus
3315 2028 3445 2081 tam
3477 2020 3643 2083 futu·

845 2107 938 2167 ris
966 2122 1156 2185 quam
1186 2108 1582 2186 presentibus
1612 2110 1882 2189 qualiter
1909 2110 2284 2173 Gerlahus
2307 2116 2371 2171 et
2399 2112 2637 2173 coniux
2658 2109 2825 2171 illius
2848 2108 3191 2188 Regilint
3221 2122 3335 2185 pro
3358 2107 3641 2168 remedio

847 2191 1194 2251 animarum
1224 2191 1470 2253 suarum
1501 2201 1959 2273 parentumque
1992 2194 2240 2255 suorum
2283 2211 2400 2256 sco
2441 2193 2769 2255 Bonifacio
2816 2200 2881 2254 et
2922 2192 3225 2253 fratribus
3269 2193 3335 2252 in
3376 2189 3641 2254 fuldensi

845 2275 1224 2335 monasterio
1254 2276 1365 2336 sub
1394 2277 1622 2358 regula
1649 2278 1736 2338 sci
1765 2276 2090 2340 Benedicti
2119 2278 2241 2339 deo
2272 2278 2505 2340 deuote
2534 2278 2943 2340 militantibus
2976 2278 3191 2337 omnia
3227 2292 3353 2353 que
3390 2274 3643 2336 heredi—

845 2359 1009 2421 tario
1047 2362 1184 2420 lure
1221 2358 1537 2437 possidere
1565 2361 1958 2423 uidebantur.
1991 2367 2118 2421 tam
2164 2364 2229 2423 in
2272 2362 2511 2440 prediis
2534 2369 2598 2423 et
2624 2361 2971 2438 mancipiis.
3004 2377 3193 2438 quam
3224 2358 3555 2421 beneficiis
3577 2365 3643 2421 et

849 2443 1166 2504 concessis
1187 2442 1504 2505 tradidisse
1543 2440 1680 2521 (T).
1712 2463 1793 2506 ea
1823 2444 2121 2507 uidelicet
2149 2448 2415 2507 ratione.
2447 2453 2515 2505 nt
2544 2444 2843 2524 quamdiu
2871 2445 3121 2523 utrique
3162 2443 3474 2501 uiuerent.
3516 2448 3643 2503 tra·

847 2525 1014 2589 ditas
1055 2527 1476 2604 possessiones
1517 2527 1630 2587 fibi
1679 2531 1746 2587 in
1798 2530 1974 2588 usum
2025 2532 2156 2589 uite
2195 2530 2612 2589 reseruarent.
2654 2529 2797 2588 Post
2836 2526 3027 2589 finem
3064 2542 3221 2587 uero
3260 2528 3392 2587 uite
3423 2532 3642 2587 eorum

848 2608 1118 2671 ecclesie
1147 2612 1213 2671 in
1243 2612 1688 2691 proprietatem
1720 2610 2039 2671 cederent.
2071 2612 2250 2671 Hanc
2291 2618 2503 2671 autem
2544 2610 2941 2671 traditionem
2983 2610 3093 2669 sub
3131 2610 3241 2671 tali
3278 2608 3641 2673 conditione

847 2692 1156 2754 fecerunt.
1173 2698 1316 2754 utin
1332 2694 1714 2773 possessione
1738 2695 1848 2755 sua
1871 2696 1919 2754 T
1933 2695 2106 2757 ulba
2127 2701 2511 2773 nuncupata.
2536 2696 2981 2777 monasterium
2998 2710 3085 2753 ex
3106 2694 3359 2771 proprio
3396 2693 3641 2771 sumptu

847 2795 992 2839 cum
1016 2778 1322 2839 adiutorio
1347 2778 1596 2841 abbatis
1607 2780 1646 2841 h
1661 2781 1937 2841 einrici
1960 2780 2443 2841 construeretur.
2466 2778 2827 2857 fratresque
2850 2777 2935 2839 ibi
2956 2777 3077 2838 deo
3103 2777 3385 2837 seruituti
3408 2794 3647 2858 aggre-

847 2869 1152 2943 garentur
1179 2865 1244 2925 in
1275 2880 1538 2942 quorum
1569 2864 1719 2925 usus
1739 2882 1825 2925 ex
1852 2864 2258 2944 permissione
2287 2864 2533 2925 abbatis
2558 2863 2795 2925 reditus
2818 2870 2945 2923 tam
2970 2860 3419 2927 beneficiorum
3450 2879 3642 2939 quam

846 2948 1100 3026 proprie
1127 2946 1497 3009 hereditatis
1521 2948 1677 3011 sicut
1705 2950 2084 3011 monasterio
2115 2946 2378 3010 fuldensi
2403 2943 2789 3010 tradiderant
2817 2945 3283 3025 delegarentur.
3326 2944 3453 3006 Sed
3486 2962 3643 3024 quo·

845 3033 1017 3092 niam
1046 3032 1153 3093 res
1172 3031 1450 3094 humane
1479 3032 1667 3094 dubie
1698 3034 2000 3093 constant.
2032 3033 2160 3092 tale
2181 3039 2433 3108 pactum
2464 3033 2989 3108 interposuerunt.
3032 3035 3098 3090 ut
3138 3030 3187 3090 si
3240 3035 3461 3089 contra
3496 3048 3643 3107 pro·

845 3114 1110 3193 positum
1153 3117 1493 3179 uoluntatis
1531 3134 1748 3176 eorum
1793 3116 2155 3194 contigisset
2194 3113 2505 3192 prefatam
2549 3116 2915 3175 structuram
2958 3131 3088 3174 non
3132 3112 3371 3191 perfici.
3414 3112 3633 3192 (167⁸)

847 3207 954 3258 aut
982 3198 1330 3275 perfectam
1373 3200 1536 3259 forte
1573 3198 1960 3276 postmodum
2007 3198 2257 3258 destrui.
2306 3199 2513 3259 omnis
2549 3199 2890 3277 prescripto
2931 3196 3281 3256 traditionis
3305 3196 3545 3258 reditus
3575 3198 3639 3256 in
3722 3229 3733 3239 ·

845 3282 995 3342 usus
1015 3281 1274 3343 fratrum
1306 3283 1606 3344 fuldensis
1628 3284 1878 3343 cenobii
1909 3284 2144 3364 absque
2174 3281 2300 3342 ulla
2329 3281 2829 3342 contradictione
2858 3287 3300 3341 reuerteretur.
3344 3280 3441 3341 Ad
3488 3299 3639 3342 con·

845 3363 1216 3429 firmandam
1247 3384 1403 3428 uero
1435 3373 1498 3426 et
1528 3369 1838 3428 uniuersis
1857 3365 2024 3430 hanc
2053 3367 2453 3428 traditionem
2484 3364 2949 3426 declarandam.
2980 3366 3116 3444 ipsa
3146 3363 3249 3426 die
3293 3364 3646 3426 traditionis

845 3449 1068 3511 decem
1099 3455 1168 3510 in
1206 3451 1440 3512 Tulba
1477 3459 1542 3512 et
1587 3453 2024 3534 Cimhagen.
2063 3468 2316 3512 necnon
2357 3458 2425 3513 et
2463 3450 2550 3512 .X.
2591 3453 2911 3529 mancipia
2946 3452 3197 3528 proprie
3227 3448 3638 3511 dominationi

845 3533 1228 3596 abdicantes.
1261 3538 1380 3596 iuri
1411 3541 1476 3596 et
1502 3537 1639 3596 usui
1670 3537 1940 3598 ecclesie
1971 3554 2112 3598 cum
2143 3535 2448 3598 reditibus
2481 3541 2544 3596 et
2576 3537 2745 3600 omni
2768 3535 3032 3597 utilitate
3064 3551 3150 3594 ex
3186 3535 3439 3614 integro
3485 3551 3641 3593 con·

847 3619 1182 3680 cesserunt.
1215 3617 1488 3694 Quorum
1517 3623 1972 3700 mancipiorum
2001 3622 2262 3684 nomina
2290 3621 2429 3682 sunt
2455 3619 2968 3700 hec2Dietlint.
3000 3617 3425 3700 Hiltegunt.
3458 3614 3635 3678 Huc.

845 3703 1296 3766 Giselbraht.
1341 3705 1703 3766 Hartmut.
1747 3705 2116 3788 Liutgart.
2157 3705 2479 3768 Frowin.
2528 3705 2859 3766 Isintrut.
2902 3701 3167 3764 Iudita.
3208 3701 3539 3762 Heribot.
3573 3709 3637 3763 et

846 3804 1065 3849 eorum
1095 3787 1318 3866 proles.
1350 3789 1423 3848 Et
1451 3807 1535 3850 ne
1567 3791 1792 3850 cassari
1827 3797 1935 3851 aut
1965 3789 2262 3851 infirmari
2293 3789 2417 3850 ullo
2448 3788 2635 3851 modo
2664 3789 2852 3870 possit
2880 3787 3003 3850 hec
3032 3786 3298 3850 traditio.
3329 3784 3436 3847 uel
3480 3785 3639 3845 fllio-

843 3888 980 3932 rum
1012 3872 1410 3955 negligentia
1440 3874 1486 3934 si
1521 3873 1599 3952 ab
1631 3875 1726 3934 eis
1749 3881 2226 3956 generarentur.
2260 3880 2369 3936 aut
2398 3881 2813 3956 cognatorum
2838 3873 2887 3934 si
2910 3873 3043 3936 sine
3066 3870 3211 3934 liliis
3224 3877 3636 3932 morerentur.

842 3954 1110 4017 idoneos
1127 3957 1316 4017 testes
1335 3957 1446 4018 sex
1469 3975 1728 4018 numero
1755 3960 2152 4040 coequalium
2177 3961 2423 4020 suorum
2440 3959 2833 4040 delegerunt.
2859 3959 3088 4038 quibus
3110 3955 3487 4017 hereditarie
3511 3961 3637 4014 tra·

843 4037 1111 4101 dicionis
1156 4041 1255 4101 ius
1275 4035 1678 4124 delegarunt.'
1700 4043 1827 4104 illis
1857 4041 1978 4106 hoc
2019 4045 2120 4106 ius
2156 4043 2581 4126 delegationis
2602 4047 2875 4106 inuicem
2908 4043 3019 4103 sibi
3047 4058 3238 4102 manu
3271 4036 3350 4099 ad
3380 4056 3636 4102 manum

842 4122 1255 4186 tradentibus.
1308 4125 1544 4188 idcirco
1582 4129 1651 4188 ut
1691 4129 1737 4188 si
1778 4128 1939 4190 forte
1978 4131 2159 4206 primi
2200 4127 2544 4192 traditores.
2586 4129 2690 4190 uel
2734 4128 2892 4188 alter
2936 4144 3155 4189 eorum
3185 4124 3319 4202 post
3370 4131 3635 4184 mortem

844 4207 1105 4268 alterius
1147 4227 1490 4290 pauperem
1534 4229 1648 4292 pro
1687 4211 1941 4274 domiuo
1982 4217 2176 4276 uitam
2209 4215 2271 4274 iu
2298 4215 2665 4276 castimonia
2695 4211 2927 4276 ducere
2958 4209 3313 4292 delegisset.
3346 4214 3409 4270 et
3442 4209 3521 4268 ab
3546 4208 3644 4268 eis

841 4285 1194 4354 traditionis
1216 4293 1406 4356 huius
1435 4297 1850 4360 testimonium
1875 4298 2244 4378 requisisset.
2277 4298 2380 4358 uel
2410 4299 2546 4377 post
2574 4297 2894 4359 decessum
2928 4297 3257 4374 utriusque
3283 4291 3492 4354 abbas.
3526 4292 3634 4353 seu

842 4375 1074 4436 fratres
1123 4377 1444 4440 fuldenses
1504 4380 1898 4442 traditionem
1937 4381 2108 4444 hanc
2144 4383 2225 4444 ab
2270 4384 2365 4442 eis
2403 4384 2679 4444 attestari
2722 4381 3032 4442 iussissent
3076 4385 3141 4440 et
3171 4375 3550 4438 confirmari.
3586 4376 3633 4436 si

842 4468 994 4524 tunc
1022 4464 1322 4544 temporis
1346 4466 1537 4526 testes
1557 4464 1626 4526 hi
1655 4470 1878 4530 omnes
1899 4485 2030 4528 non
2061 4467 2471 4550 superessent.
2504 4473 2612 4529 aut
2635 4466 2853 4530 adesse
2876 4483 3002 4528 non
3034 4465 3301 4543 possent.
3330 4466 3632 4544 quotquot

987 4735 1036 4801 ¹)
1065 4737 1306 4812 Dioeces.
1331 4741 1475 4790 Fuld.
1513 4757 1562 4804 p.
1597 4741 1810 4806 254,26.
1835 4743 2038 4814 Tradit.
2064 4743 2182 4794 624.
2209 4745 2481 4794 schannat
2504 4745 2597 4794 hat
2622 4743 2769 4794 dicae
2794 4743 3044 4793 Urknnde
3070 4736 3417 4790 zerstiickelt.
3502 4753 3513 4762 ’

2991 4825 3106 4885 19*
