4821 5976
1117 807 1248 867 15⁶
2368 801 2525 881 Cap.
2558 802 2661 863 ⁷6.

1121 976 1436 1057 aliquibus
1466 981 1678 1038 autem
1707 976 1871 1054 plue.
1903 974 1968 1032 in
2000 971 2318 1051 aliquibus
2349 990 2505 1033 uero
2534 971 2757 1032 minus.
2788 972 2889 1037 ita.
2906 977 3121 1032 tamen
3150 978 3221 1033 ut
3263 990 3472 1051 pauce
3511 975 3627 1035 sint
3670 974 3915 1037 uillica-

1120 1063 1329 1124 tiones
1349 1065 1416 1122 in
1448 1062 1676 1142 quibus
1706 1059 1990 1120 mansum
2021 1058 2086 1118 .1.
2120 1064 2228 1117 aut
2257 1056 2419 1119 duos
2451 1056 2556 1117 uel
2587 1056 2705 1117 .111.
2748 1063 2858 1117 aut
2902 1057 3170 1137 amplius
3202 1057 3575 1120 obtinuerim
3620 1060 3910 1122 ecclesie.

1121 1146 1517 1209 Postmodum
1557 1163 1709 1206 uero
1751 1145 1906 1205 inito
1947 1142 2204 1205 contilio
2244 1158 2388 1203 cum
2429 1141 2615 1220 plebe
2661 1141 2971 1202 seniorum
3003 1161 3089 1203 ex
3134 1141 3505 1204 fidelissimis
3549 1143 3631 1204 de
3672 1144 3913 1205 familia

1119 1233 1390 1295 ecclesie
1419 1233 1573 1292 uiris
1604 1230 1865 1290 circuiui
1894 1226 2323 1308 perlustrando
2351 1229 2661 1287 terminos
2684 1226 2901 1288 finium
2930 1233 3057 1288 tam
3083 1227 3374 1289 siluarum
3397 1246 3587 1309 quam
3612 1246 3908 1311 agrorum

1117 1325 1436 1397 pratorum
1459 1321 1650 1394 atque
1665 1330 2051 1393 camporum.
2071 1312 2429 1392 Reperique
2448 1312 2535 1372 sic
2552 1329 2629 1373 ac
2646 1310 2943 1392 requissui
2973 1310 3195 1390 (194⁵)
3206 1331 3350 1374 cum
3370 1314 3659 1392 populari
3686 1316 3913 1375 circui·-

1119 1406 1290 1462 tione
1310 1418 1435 1480 que
1451 1400 1679 1462 dicitur
1695 1400 1906 1461 Lantl
1922 1398 2076 1459 eita
2099 1415 2288 1477 quam
2309 1397 2525 1475 piures
2536 1398 2799 1468 mansos.
2826 1399 3035 1481 agros.
3054 1404 3117 1458 et
3131 1404 3331 1481 prata.
3345 1399 3637 1459 situatum
3656 1416 3913 1479 quoque

1119 1486 1428 1547 marchas.
1463 1485 1726 1564 campos
1749 1490 1812 1544 et
1840 1482 2144 1545 terminos
2167 1485 2513 1562 antiquitus
2544 1481 2767 1543 iniuste
2798 1482 3088 1562 direptos.
3120 1482 3483 1545 molendina
3519 1501 3773 1565 quoque
3804 1486 3911 1545 seu

1115 1570 1261 1632 loca
1301 1570 1800 1631 molendinarum
1838 1568 2064 1630 iniuste
2111 1566 2389 1629 detenta.
2437 1569 2823 1647 piscationes
2860 1572 3050 1630 etiam
3102 1575 3162 1628 et
3214 1572 3429 1649 aquas.
3479 1586 3915 1649 aquarumque

1113 1656 1416 1719 decursus
1436 1654 1660 1717 iniuste
1689 1653 2011 1715 deriuatos
2033 1653 2114 1714 ab
2146 1655 2408 1733 antiqua
2449 1654 2713 1714 statione
2752 1654 3069 1734 requisiui.
3100 1655 3236 1714 Hec
3276 1658 3489 1716 omnia
3526 1672 3671 1715 cum
3702 1658 3927 1739 requi-u

1113 1742 1389 1803 siuissem
1429 1748 1493 1801 et
1537 1739 1807 1801 ecclesie
1855 1737 2125 1800 fuldensi
2175 1756 2318 1799 cum
2357 1738 2550 1798 multo
2598 1756 2743 1799 meo
2780 1739 3009 1817 ‘labore
3061 1746 3124 1800 et
3162 1738 3443 1816 periculo
3486 1738 3907 1800 obtinuissem.

1113 1831 1260 1905 cepi
1287 1827 1480 1888 multo
1509 1831 1794 1905 tempore
1823 1843 2074 1886 mecum
2105 1824 2364 1885 sollicite
2393 1830 2783 1904 pertractare
2803 1824 3070 1904 qualiter
3100 1842 3187 1884 ex
3214 1823 3316 1885 his
3338 1825 3522 1885 bonis
3543 1842 3671 1909 que
3700 1827 3911 1903 requi-

1116 1912 1229 1972 siui
1257 1910 1379 1971 deo
1413 1918 1477 1971 et
1509 1928 1626 1971 sco
1656 1910 1982 1971 Bonisacio
2013 1909 2393 1989 potissimum
2424 1909 2761 1971 seruicium
2792 1916 2858 1971 et
2895 1908 3193 1972 fratribus
3223 1910 3388 1971 meis
3417 1910 3801 1971 utilissimam
3832 1925 3911 1970 ac

1109 1997 1528 2058 necessariam
1559 1995 2052 2057 consolationem
2083 2012 2537 2074 compararem.

1281 2082 1442 2142 Misit
1471 2099 1628 2164 ergo
1653 2081 1815 2142 deus
1846 2084 1912 2140 in
1942 2087 2220 2142 mentem
2259 2098 2469 2141 meam
2507 2085 2575 2143 ut
2612 2082 2962 2161 cogitarem
3000 2078 3082 2141 de
3127 2079 3411 2141 fraterna
3456 2080 3907 2157 compassione.

1109 2165 1427 2246 quomodo
1467 2166 1763 2228 uidelicet
1801 2166 2032 2227 fratres
2071 2164 2262 2227 nostri
2299 2183 2466 2227 cena
2502 2183 2619 2244 per
2654 2171 2853 2225 totum
2893 2182 3129 2226 annum
3177 2172 3488 2227 carerent.
3539 2164 3801 2245 dixique
3840 2167 3909 2225 in

1107 2251 1302 2313 coi-de
1341 2269 1506 2312 meo.
1553 2248 1861 2325 Quoniam
1900 2250 2022 2313 deo
2062 2252 2410 2312 auxiliante
2451 2250 2666 2331 aliqua
2713 2250 2793 2311 de
2839 2250 3051 2311 multis
3088 2269 3127 2311 a
3166 2251 3546 2311 monasterio
3594 2249 3907 2310 distractis

1108 2336 1301 2396 rebus
1335 2335 1652 2415 requisiui.
1685 2336 1829 2395 uolo
1863 2354 1946 2395 ea
1969 2381 1984 2396 .
2012 2381 2027 2395 .
2057 2380 2070 2396 .
2097 2335 2219 2395 deo
2247 2332 2305 2413 ¹)
2343 2337 2408 2395 in
2441 2335 2699 2395 fratrum
2720 2335 3200 2396 necessitatibus
3228 2335 3618 2414 impendere.
3648 2334 3908 2395 forman

1105 2419 1229 2481 deo
1260 2423 1542 2498 propicio
1573 2420 1753 2499 plura
1783 2439 1894 2499 pro
1932 2420 2038 2481 his
2082 2426 2148 2481 et
2186 2419 2491 2498 ampliora
2528 2420 3057 2499 prosperabuntur
3091 2422 3159 2480 in
3197 2421 3492 2481 manibus
3524 2420 3697 2479 meis.
3751 2418 3907 2479 Dedi

1106 2506 1300 2587 igitur
1338 2524 1422 2566 ex
1463 2505 1563 2564 his
1594 2523 1722 2585 que
1763 2523 1877 2582 per
1913 2504 2166 2565 labores
2196 2506 2377 2562 meos
2407 2506 2707 2582 requisiui
2744 2504 3043 2564 fratribus
3086 2505 3312 2563 nostris
3340 2508 3407 2564 in
3448 2504 3906 2583 suplementum

1105 2608 1290 2651 cene.
1322 2589 1404 2650 de
1432 2587 1794 2649 molendino
1823 2590 1888 2648 in
1919 2588 2071 2649 uilla
2101 2604 2225 2667 que
2256 2586 2482 2648 dicitur
2509 2587 2821 2648 Bremen
2852 2585 3085 2649 solidos
3103 2588 3190 2649 Ν.
3214 2594 3279 2649 et
3302 2588 3585 2668 quartale
3612 2587 3905 2665 frumenti

1105 2681 1170 2734 et
1199 2673 1537 2735 dimidium.
1579 2674 1672 2733 De
1700 2672 1950 2734 duabus
1989 2672 2178 2735 hubis
2217 2670 2508 2751 lydorum
2545 2675 2611 2733 in
2652 2672 2880 2733 eadem
2917 2672 3087 2734 uilla.
3126 2673 3433 2736 talentum
3474 2682 3538 2735 et
3580 2675 3643 2733 .1.
3692 2673 3800 2734 sol.
3842 2681 3906 2735 et

1102 2758 1268 2819 XXX.
1301 2758 1548 2819 caseos.
1583 2758 1704 2818 Ista
1727 2756 2128 2819 reddiderunt
2145 2756 2297 2818 mihi
2325 2756 2575 2837 Boppo
2608 2763 2672 2819 et
2700 2758 3125 2821 Hertwicus
3147 2757 3389 2820 fratres.
3419 2761 3511 2820 De
3542 2758 3904 2819 molendino

1100 2846 1164 2905 in
1187 2842 1488 2904 Rastors
1509 2839 1805 2921 solidos²)
1837 2849 1902 2902 et
1919 2843 2010 2904 .11.
2030 2842 2342 2922 quartalia
2359 2842 2678 2905 frumenti.
2706 2844 2797 2903 De
2821 2843 3097 2905 Sezelb
3109 2842 3247 2905 ach
3275 2844 3577 2906 talentum
3597 2850 3661 2904 et
3684 2844 3913 2906 solidos

1102 2930 1252 2990 .1111.
1281 2928 1373 2990 Dc
1403 2928 1595 2987 Huse
1612 2946 1655 2987 n
1678 2971 2087 2988 ..........
2119 2928 2210 2988 De
2241 2927 2613 2988 Haselaha
2634 2928 2939 2991 talentum
2962 2936 3026 2990 et
3048 2930 3224 2990 x1111.
3249 2930 3358 2993 sol.
3386 2938 3449 2990 et
3474 2930 3565 2991 ,11.
3590 2929 3905 3010 quartalia

1096 3013 1414 3075 frumenti.
1457 3015 1550 3074 De
1588 3013 1912 3074 thusen
1948 3013 2274 3075 talentum.
2330 3011 2551 3090 (195⁸)
2613 3015 2704 3074 De
2745 3014 3247 3076 Grozenbach
3286 3016 3589 3077 talentum
3624 3059 3901 3077 .......

1093 3099 1186 3160 De
1215 3099 1535 3261 Dastglia
1578 3142 1902 3160 ........
1954 3099 2046 3159 De
2083 3096 2437 3168 Nuenstat
2463 3142 2479 3158 .
2507 3141 2957 3160 ...........
3009 3100 3101 3159 De
3138 3100 3557 3163 wisentfelt
3598 3101 3903 3162 talentum

1263 3269 1552 3349 Denique
1584 3287 1711 3350 ego
1742 3268 2157 3349 Marquardus
2198 3267 2299 3330 dei
2338 3269 2550 3350 gratia
2590 3285 2707 3329 ece
2747 3268 3051 3354 fuldensis
3093 3271 3366 3332 ecclesie
3407 3269 3793 3350 dispensator
3822 3288 3901 3332 ac

1089 3355 1372 3432 prouisor
1401 3357 1546 3432 cepi
1575 3355 1974 3417 considerare
2004 3360 2073 3414 ut
2102 3371 2229 3413 non
2262 3353 2458 3414 solum
2487 3356 2550 3413 in
2594 3357 2815 3414 maiori
2848 3355 3119 3416 ecclesia
3160 3372 3381 3416 uerum
3423 3359 3615 3418 etiam
3655 3360 3721 3416 in
3752 3356 3898 3418 aliis
3994 3421 3999 3424 ,

1089 3438 1244 3500 mihi
1271 3438 1615 3500 commissis
1636 3439 1816 3499 cellis
1839 3457 1917 3500 ac
1948 3439 2352 3517 preposituris
2373 3440 2540 3497 inter
2578 3437 2806 3498 fratres
2838 3456 3048 3499 meam
3086 3440 3453 3500 eternaliter
3488 3459 3897 3519 prepararem
3976 3477 4011 3492 -·

1089 3525 1753 3586 commemorationem
1787 3532 1852 3585 ut
1883 3524 1930 3584 si
1969 3522 2223 3602 quando
2263 3523 2525 3583 obirem.
2566 3521 2797 3583 fratres
2844 3541 2931 3584 ex
2968 3541 3112 3584 meo
3142 3525 3360 3586 labore
3400 3524 3897 3587 consolationem

1087 3608 1416 3669 haberent.
1443 3616 1507 3669 et
1523 3625 1604 3669 eo
1621 3609 1922 3670 libentius
1941 3615 2009 3670 et
2025 3607 2321 3684 deuotiue
2351 3625 2431 3668 ac
2452 3606 2780 3671 studiosius
2806 3607 2929 3668 deo
2952 3612 3365 3688 omnipotenti
3384 3613 3664 3670 animam
3684 3627 3895 3671 meam

1089 3693 1624 3755 commendarent.
1678 3695 1950 3755 Primum
1988 3711 2147 3775 ergo
2186 3692 2485 3754 fratribus
2526 3696 2591 3754 in
2633 3689 3555 3757 Biscoseeberch‘mansum
3594 3713 3789 3756 unum
3828 3698 3895 3756 in

1088 3777 1525 3860 Sibigeldes
1565 3779 1934 3841 contradidi.
1978 3779 2465 3842 decimationem
2518 3782 2713 3840 etiam
2759 3783 2824 3840 in
2870 3779 3021 3842 uilla
3058 3780 3568 3842 Fruenleibes.
3608 3781 3895 3842 mansum

1087 3880 1280 3924 unum
1311 3867 1378 3926 in
1408 3864 1558 3924 uilla
1587 3863 2061 3946 Rodegastes
2096 3882 2212 3944 pro
2245 3863 2368 3925 alio
2409 3865 2626 3925 manso
2672 3868 2737 3926 in
2768 3863 3475 3927 Herbrahteshusen
3520 3864 3893 3928 contradidi.

1087 3966 1302 4010 aream
1333 3967 1524 4010 unam
1555 3955 1621 4010 in
1651 3949 1802 4010 uilla
1832 3950 2045 4010 nostra
2076 3966 2115 4009 a
2145 3949 2679 4030 Tragebotone
2710 3950 2866 4011 solui
2898 3957 2962 4011 et
2992 3951 3263 4012 eandem
3292 3951 3485 4012 beate
3512 3951 3709 4012 Marie
3740 3969 3894 4012 con·

1081 4033 1326 4096 tradidi.
1358 4034 1638 4095 Mansum
1669 4052 1862 4095 unum
1890 4039 1957 4096 in
1988 4033 2331 4094 Borsaha.
2363 4033 2509 4096 XVI.
2549 4033 2781 4095 solidos
2804 4035 3266 4114 persoluentem
3295 4035 3563 4114 prefatis
3587 4037 3884 4097 fratribus

1082 4121 1307 4180 nostris
1345 4124 1411 4181 in
1440 4122 1562 4182 Bis
1565 4120 1781 4182 cofes
1785 4122 1959 4183 berc
1989 4124 2055 4182 in
2095 4121 2592 4183 consolationem
2642 4138 2855 4181 annue
2886 4119 3347 4183 recordationis
3368 4138 3515 4182 mee
3556 4122 3767 4182 obtuli.
3808 4139 3887 4182 eo

1077 4212 1288 4282 pacto.
1319 4212 1386 4264 ut
1415 4211 1674 4268 terciam
1714 4215 1976 4285 partem.
2018 4205 2080 4268 id
2119 4207 2228 4267 est.
2262 4204 2328 4265 V.
2362 4204 2593 4266 solidos
2617 4204 2848 4266 fratres
2878 4209 2979 4267 sci
3008 4203 3381 4268 Michahelis
3402 4206 3666 4288 singulis
3702 4205 3891 4267 annis

1078 4292 1143 4350 in
1175 4293 1301 4351 mei
1340 4295 2004 4354 commemorationem
2036 4292 2386 4370 suscipiant.
2435 4291 2627 4352 Porro
2658 4289 3010 4370 prepositus
3041 4295 3140 4353 eci
3170 4291 3541 4353 Michahelis
3572 4309 3702 4353 una
3742 4308 3888 4353 cum⁴

1219 4569 1266 4634 ¹)
1295 4571 1570 4620 zwiscben
1592 4583 1661 4620 ea
1686 4573 1794 4620 und
1819 4573 1922 4622 deo
1945 4572 2018 4622 int
2045 4573 2161 4622 elne
2187 4573 2387 4623 Liicke.

1213 4655 1238 4688 ⁸
1297 4656 1390 4706 Die
1415 4657 1546 4706 zahl
1569 4657 1722 4706 fehlt.

1219 4657 1272 4804 ’ἔ
1301 4742 1394 4792 Die
1421 4741 1804 4810 angegebenen
1829 4717 2048 4794 Liiclren
2072 4744 2192 4793 sind
2219 4755 2326 4794 von
2347 4743 2620 4795 Eberhard
2644 4745 2790 4796 nicht
2814 4746 3115 4811 ausgesfillt
3141 4748 3377 4794 worden.
