4821 5976
1091 835 1220 922 ‘104
1595 867 1611 876 ·
2375 853 2529 934 cap.
2561 853 2623 915 3.

1089 1027 1389 1090 iohannis
1416 1028 1633 1109 ibique
1661 1027 1856 1087 uitam
1886 1027 2058 1086 suam
2087 1025 2154 1086 ιιι
2184 1022 2287 1085 dei
2317 1021 2568 1085 seruitio
2590 1023 2881 1085 nobiliter
2902 1022 3156 1086 ducens.
3180 1042 3328 1086 non.
3355 1024 3682 1105 septembr.
3714 1025 3881 1088 diem

1003 1107 1014 1116 ’
1090 1114 1374 1176 ιιιιιιιιιιιιι
1405 1114 1643 1176 clausit.
1674 1128 2036 1190 corpusque
2076 1111 2220 1171 etus
2261 1108 2341 1171 ad
2378 1110 2824 1171 monasterium
2864 1109 3139 1171 delatum
3178 1127 3321 1171 cum
3360 1114 3533 1171 omni
3569 1110 3880 1194 dignitate
3953 1148 3960 1154 -

1049 1223 1061 1234 ·
1092 1199 1405 1280 sepulture
1433 1197 1722 1259 traditum
1751 1196 1860 1256 est.

1261 1283 1423 1345 Huic
1461 1285 1558 1343 uir
1595 1279 1980 1342 uenerabilis
2006 1281 2218 1341 nonus
2241 1278 2443 1340 abbas
2471 1277 2767 1361 hvoggi
2810 1278 3120 1340 successit.
3150 1281 3258 1360 qui
3295 1298 3410 1358 per
3438 1280 3645 1340 XXIIII
3684 1283 3888 1342 annos

1090 1371 1258 1430 inter
1277 1367 1505 1428 multas
1525 1366 1946 1445 periculorum
1975 1365 2322 1426 uarietates
2344 1363 2820 1424 christianorum
2865 1371 2929 1424 et
2964 1383 3361 1446 paganomm
3403 1366 3577 1425 suam
3608 1365 3881 1447 sagacis-

1089 1455 1244 1514 sime
1274 1452 1636 1512 sustentauit
1666 1450 2002 1513 abbatiam.
2031 1450 2230 1531 Igitur
2256 1451 2422 1508 inter
2452 1449 2577 1508 alia
2604 1448 2772 1509 bona
2803 1467 2991 1528 quam
3015 1449 3282 1530 plurima
3304 1451 3555 1511 sanctos
3574 1451 3889 1536 martyres

1086 1538 1411 1598 Eobanum
1442 1543 1506 1597 et
1533 1535 1939 1597 Adalharium
1969 1535 2207 1594 asciuit.
2247 1541 2312 1594 et
2349 1540 2594 1613 partem
2638 1536 2922 1614 corporis
2957 1537 3057 1595 sci
3086 1535 3229 1597 Uiti.
3270 1535 3519 1615 arisque
3554 1538 3621 1597 in
3662 1553 3881 1596 eorum

1083 1621 1327 1684 honore
1373 1622 1621 1683 structis
1675 1628 1740 1681 et
1790 1616 2016 1680 dicatis
2065 1617 2415 1680 honorifice
2452 1620 2853 1699 requiescere
2896 1619 3069 1680 fecit.
3102 1619 3319 1684 Sancti
3350 1624 3541 1680 etiam
3584 1621 3877 1702 Eugegii.

1086 1713 1489 1788 sanctaeque
1517 1707 1738 1766 Florae
1769 1703 2050 1784 aliasque
2078 1704 2417 1766 nonnullas
2438 1705 2790 1764 sanctorum
2820 1704 3123 1784 reliquias
3143 1704 3458 1786 colligens
3480 1711 3545 1765 et
3572 1708 3639 1766 in
3664 1714 3881 1766 monte

1086 1789 1297 1854 dicato
1327 1790 1560 1870 templo
1590 1787 1946 1850 recondens
1967 1789 2178 1849 multis
2206 1788 2575 1868 populorum
2614 1788 2870 1870 gaudiis
2898 1789 3391 1850 consolationem
3423 1790 3719 1852 adhibuit.
3765 1791 3880 1852 Hic

1085 1877 1404 1938 constituit
1433 1875 1772 1956 populares
1793 1892 2049 1935 crucem
2077 1875 2242 1935 inter
2270 1874 2577 1935 ecclesias
2591 1872 2943 1934 forinsecus
2958 1874 3346 1936 constitutas
3348 1892 3519 1936 omni
3548 1875 3653 1936 die
3682 1875 3883 1936 domi-

1087 1964 1242 2022 nica
1269 1963 1503 2040 portari
1533 1965 1598 2020 et
1627 1961 1822 2039 sequi.
1857 1958 1964 2020 sed
1994 1966 2059 2018 et
2087 1961 2286 2020 sancti
2315 1959 2617 2020 tumulum
2649 1959 2959 2021 Bonisacii
2991 1978 3145 2020 auro
3174 1961 3437 2039 probato
3470 1968 3533 2020 et
3561 1960 3879 2040 lapidibus

1086 2044 1536 2126 pretiosissimis
1557 2043 1863 2107 decenter
1891 2046 2159 2105 ornauit.
2191 2050 2256 2104 et
2285 2044 2470 2122 super
2511 2061 2687 2105 aram
2726 2051 2996 2106 sanctae
3038 2045 3275 2106 Mariae
3320 2045 3646 2125 cyborium
3688 2046 3879 2106 altum

1085 2131 1350 2212 erigens
1387 2136 1450 2192 et
1487 2132 1554 2190 in
1609 2131 1873 2191 circuitu
1916 2128 2251 2191 cancellos.
2291 2129 2596 2208 pulpitum
2633 2133 2826 2189 etiam
2871 2147 2987 2209 per
3030 2135 3229 2191 totum
3277 2147 3431 2190 auro
3482 2138 3881 2212 argentoque

1085 2216 1355 2294 parauit.
1399 2214 1852 2276 Antecessores
1895 2215 2040 2276 suos
2074 2217 2140 2275 ιιι
2189 2212 2399 2274 multis
2441 2215 2812 2294 coaequans
2851 2215 3240 2277 utilitatibus,
3288 2214 3623 2275 nouissime
3666 2222 3879 2274 autem

1083 2300 1362 2382 paganis
1383 2301 1763 2361 monasterio
1793 2299 2176 2362 irruentibus
2218 2301 2459 2359 meritis
2490 2303 2701 2360 sancti
2728 2299 3037 2361 Bonifacii
3080 2298 3381 2362 audacter
3420 2307 3488 2360 ut
3527 2307 3663 2361 erat
3692 2299 3879 2360 ualde

1084 2383 1298 2446 audax
1330 2391 1394 2444 et
1422 2383 1701 2463 prudens
1724 2384 1942 2444 diuina
1973 2385 2039 2444 se
2067 2391 2445 2466 protegente
2476 2387 2682 2464 gratia
2714 2385 3057 2446 resistebat.
3088 2393 3155 2445 et
3183 2384 3265 2446 de
3292 2386 3444 2463 ipsis
3468 2384 3703 2446 finibus
3734 2387 3879 2446 uiri·

1083 2469 1224 2530 liter
1253 2470 1462 2530 eiecit.
1494 2470 1562 2530 V.
1593 2469 1737 2531 idus
1766 2470 1901 2529 Iun.
1933 2470 2106 2530 obiit.

1255 2554 1572 2616 Decimus
1585 2555 1858 2616 eundem
1886 2553 2094 2614 locum
2123 2555 2381 2613 nomine
2421 2557 2483 2612 et
2514 2554 2735 2612 merito
2781 2554 2985 2614 abbas
3026 2552 3384 2613 helmfrid
3429 2553 3773 2630 prudenter
3814 2561 3879 2614 et

1086 2640 1340 2706 strenue
1382 2641 1781 2720 gubernauit.
1814 2637 1924 2697 ah.
1957 2654 2148 2717 quam
2175 2653 2376 2716 paruo
2415 2638 2721 2715 temporis
2765 2637 2986 2715 spatio.
3028 2655 3262 2697 annum
3296 2637 3677 2698 solummodo
3711 2639 3775 2698 .1.
3808 2645 3875 2698 et

1082 2725 1334 2784 menses
1357 2723 1426 2782 V.
1458 2723 1565 2783 sed
1592 2724 1658 2783 in
1688 2721 1875 2782 huius
1898 2721 2076 2782 breui
2101 2721 2403 2800 temporis
2420 2721 2729 2782 curriculo
2759 2720 2969 2783 multis
2989 2721 3266 2799 pollebat
3287 2722 3679 2784 utilitatibus.
3710 2723 3879 2802 Inter

1081 2807 1254 2869 haec
1297 2825 1542 2869 murum
1589 2805 2032 2867 monasterium
2085 2806 2468 2867 ambientem
2519 2806 2929 2866 intermissum
2986 2814 3049 2868 et
3096 2809 3507 2887 interruptum
3562 2814 3760 2868 totum
3810 2811 3879 2868 in

1083 2894 1344 2955 circuitu
1375 2894 1647 2974 peregit.
1679 2897 1744 2951 et
1771 2892 1838 2952 in
1868 2890 2182 2953 aecclesia
2209 2889 2421 2952 multis
2444 2909 2610 2970 quae
2636 2898 2829 2952 antea
2856 2892 3089 2954 ibidem
3120 2899 3301 2953 erant
3329 2893 3606 2953 lucernis
3626 2894 3879 2972 septua-

1079 2979 1264 3061 ginta
1292 2978 1563 3039 caereos
1586 2995 1739 3039 auro
1787 2983 2182 3059 argentoque
2221 2974 2527 3038 decenter
2572 2978 2829 3037 ornatos
2860 2977 3141 3040 adauxit.
3184 2977 3450 3040 Crucem
3490 2981 3681 3040 etiam
3726 2977 3880 3041 fecit

1082 3070 1342 3126 auream
1371 3063 1734 3145 margaritis
1755 3069 1819 3122 et
1848 3063 2121 3145 gemmis
2149 3060 2595 3141 lapidibusque
2624 3056 3079 3142 pretiosissimis
3123 3064 3356 3145 insigni
3394 3062 3629 3126 decore
3666 3064 3781 3125 isto
3809 3066 3878 3124 in
3926 3081 3942 3089 ·

1080 3166 1287 3229 regno
1327 3154 1396 3207 ut
1431 3156 1583 3227 puto
1631 3150 1769 3209 iure
1809 3147 2298 3209 famosissimam.
2341 3146 2577 3207 Omnes
2611 3147 2890 3209 eiusdem
2919 3148 3043 3209 loci
3083 3149 3347 3210 abbates
3371 3151 3630 3210 nimium
3666 3152 3735 3209 ιιι
3773 3146 3879 3209 dei

1081 3234 1333 3294 seruitio
1365 3233 1668 3295 sudabant
1696 3235 1854 3295 sicut
1883 3240 1946 3293 et
1985 3235 2120 3313 ipse
2161 3233 2337 3293 suam
2373 3231 2694 3293 abbatiam
2729 3234 2997 3294 interius
3030 3234 3435 3315 exteriusque
3476 3234 3877 3317 sagacissime

1080 3319 1321 3399 regens
1343 3317 1508 3379 diem
1542 3319 1840 3381 ultimum.
1869 3318 2002 3377 VIII
2029 3317 2113 3379 id.
2143 3316 2432 3379 decemb.
2464 3316 2707 3377 clausit.

1251 3402 1537 3464 Haicho
1567 3401 1623 3481 ι)
1673 3404 1896 3463 abbas.
1938 3401 2350 3462 Hiltibraht
2394 3399 2929 3479 archiepiscopus.
2970 3400 3348 3464 Hadamar
3385 3402 3875 3465 abbas.11atto

1079 3488 1616 3566 archiepiscopus.
1649 3485 2059 3549 Uerinheri
2091 3485 2312 3546 abbas.
2343 3483 2729 3544 Branthoh
2760 3487 2981 3547 abbas.
3013 3486 3235 3547 Hatto
3264 3490 3472 3547 iunior
3501 3488 3725 3547 abbas.

1262 3573 1402 3649 (fol.
1435 3570 1500 3631 5¹·
1502 3574 1534 3650 )
1581 3571 1768 3632 Anno
1794 3567 1856 3648 ²)
1905 3571 1986 3631 ab
2023 3572 2465 3631 incarnatione
2503 3567 2761 3630 domini.
2785 3569 2955 3630 DCC.
2986 3569 3311 3631 Lxxvml.
3336 3570 3463 3631 XVI
3494 3571 3577 3631 kl.
3622 3571 3876 3633 Ianuari

1079 3660 1231 3721 obiit
1253 3659 1526 3719 Sturmi
1557 3659 1767 3718 sancti
1790 3654 2094 3717 fuldensis
2116 3654 2482 3716 monasterii
2497 3657 2738 3732 primus
2762 3655 2984 3715 abbas.
3011 3654 3158 3715 VIII.
3182 3654 3265 3716 id.
3288 3656 3399 3715 Iul.
3416 3656 3519 3715 ob.
3548 3655 3883 3737 Baugols

1080 3744 1284 3804 abbas
1302 3744 1396 3804 ..11
1427 3742 1557 3803 VIII
1586 3742 1668 3803 id.
1698 3741 1994 3802 Decemb.
2021 3740 2120 3801 ob.
2145 3740 2447 3821 Ratger.
2482 3740 2683 3801 abbas
2710 3739 2829 3801 ..III
2860 3739 3284 3801 xvn.k1.1v1.
3318 3740 3418 3801 ob.
3450 3740 3635 3822 Egil.
3670 3742 3872 3803 abbas

1077 3828 1331 3889 1111.11.
1363 3846 1513 3889 non.
1552 3827 1730 3888 Febr.
1776 3826 1878 3887 ob.
1924 3825 2223 3887 Hraban
2268 3825 2471 3886 abbas
2518 3825 2610 3885 V.·
2632 3830 2695 3885 et
2740 3823 3273 3904 archiepiscopus.
3317 3826 3391 3885 II.
3447 3825 3530 3887 id.
3574 3826 3721 3905 Apr.
3769 3826 3870 3887 ob.

1077 3914 1301 3975 Hatto
1333 3914 1535 3974 abbas
1567 3912 1660 3971 VI.
1700 3910 1820 3971 VII.
1851 3910 1934 3972 id.
1965 3911 2131 3993 Aug.
2165 3911 2265 3972 ob.
2297 3900 2563 3971 Thioto
2605 3909 2805 3971 abbas
2836 3909 2956 3969 VII.
2998 3928 3149 3971 non.
3180 3910 3353 3988 Sept.
3396 3911 3497 3971 ob.
3530 3911 3872 3993 Sigihart

1078 3998 1439 4061 abbasVIlI.
1454 3998 1520 4059 V.
1535 3996 1620 4058 id.
1637 3998 1770 4057 Iun.
1789 3997 1888 4057 ob.
1911 3995 2637 4079 HvoggiabbasVIIII.
2656 3994 2803 4055 VIII.
2814 3993 2896 4056 id.
2908 3994 3059 4055 Dec.
3079 3996 3177 4056 ob.
3194 3995 3563 4057 Helmsrid
3588 3996 3869 4057 abbasX.

1080 4082 1262 4145 Ob.H
1279 4082 1496 4145 aicho
1527 4081 1728 4143 abbas
1751 4082 1846 4142 XI.
1872 4082 1972 4143 ob.
1996 4080 2442 4143 Hildibrand
2465 4080 2665 4140 abbas
2686 4080 2807 4140 XII.
2835 4088 2899 4139 et
2918 4078 3453 4158 archiepiscopus.
3484 4080 3593 4143 Ob.
3622 4082 3677 4140 H
3688 4082 3871 4142 ada

1075 4186 1139 4227 m
1155 4186 1236 4227 ar
1257 4170 1458 4229 abbas
1469 4167 1618 4227 XIII.
1646 4166 1757 4228 Ob.
1783 4166 2005 4228 Hatto
2026 4167 2228 4229 abbas
2239 4167 2417 4227 xlm.
2435 4172 2499 4227 et
2524 4165 3057 4243 archiepiscopus.
3077 4163 3189 4228 Ob.
3212 4165 3282 4224 W
3296 4170 3458 4226 erin
3472 4166 3563 4227 he
3582 4170 3639 4227 ri
3667 4162 3869 4235 abbas
3983 4245 3987 4251 Ι

1073 4252 1192 4313 XV.
1221 4251 1332 4314 Ob.
1359 4251 1744 4314 Branthoh
1760 4253 1962 4314 abbas
1978 4252 2122 4317 xvl.
2147 4251 2257 4314 Ob.
2277 4252 2498 4313 Hatto
2525 4251 2666 4313 abb.
2685 4249 2856 4311 xvn.
2876 4244 2987 4311 Ob.
3008 4250 3435 4313 Erkanbald
3456 4252 3655 4313 abbas
3670 4252 3867 4329 XVffl.

1219 4487 1267 4553 ¹)
1305 4489 1398 4538 Die
1434 4490 1630 4539 Namen
1657 4490 1836 4539 dieser
1859 4490 2042 4539 steben
2077 4490 2245 4539 Aebte
2281 4489 2400 4538 sind
2432 4501 2541 4538 von
2575 4490 2807 4537 anderer
2840 4488 2987 4537 Hand
3020 4488 3307 4553 hinzugesii
3310 4495 3387 4554 gt.
3424 4474 3478 4552 ἦ)
3514 4489 3699 4537 Dieses
3733 4488 3805 4535 Vc
3808 4500 3865 4535 r-

1074 4558 1338 4609 zeIchniss
1381 4560 1478 4607 der
1512 4560 1691 4607 ersten
1726 4558 1918 4606 achtze
1921 4558 1989 4605 ιιιι
2025 4557 2098 4606 Ae
2103 4558 2193 4606 bte
2238 4558 2310 4606 ist
2352 4558 2407 4605 ιιι
2442 4556 2659 4606 Unciale
2662 4570 2695 4605 n
2741 4570 2850 4605 von
2894 4559 3124 4607 anderen·
3156 4558 3305 4607 fland
3338 4556 3653 4621 geschriebe
3626 4569 3703 4603 ε.ιι
3754 4555 3867 4603 Von

1070 4627 1274 4677 Raicho
1297 4638 1368 4675 an
1393 4626 1530 4676 fehlt
1554 4626 1638 4677 die
1663 4625 1886 4691 Angabe
1913 4627 2009 4675 des
2033 4626 2388 4690 Todestages,
2412 4624 2503 4674 stir
2524 4626 2731 4675 welche
2756 4626 2961 4686 sedech
2993 4637 3104 4675 von
3128 4628 3247 4677 dem
3271 4625 3551 4675 schreiber
3574 4624 3738 4673 Raum
3760 4636 3863 4686 ge-

978 4698 986 4701 “
1069 4694 1256 4744 lassen
1279 4694 1366 4743 ist.
