4821 5976
1160 799 1247 888 2'6
2435 797 2694 906 Capmsti

1336 993 1440 1061 80.
1470 993 1889 1102 Burpi'uind
1918 995 2076 1062 trud
2106 1011 2225 1060 sco
2254 997 2408 1060 Βοιι.
2449 999 2898 1080 proprietatem
2943 997 3117 1060 mam
3157 1001 3222 1061 in
3263 1001 3456 1064 Lara
3498 1009 3563 1064 et
3602 1001 3950 1068 Lamber-

1164 1072 1385 1148 heim.
1420 1085 1609 1166 snper
1633 1088 1831 1165 ripam
1862 1081 2552 1147 fluminisSteinaha.

1334 1169 1441 1234 81.
1470 1173 1519 1232 Ε
1583 1173 1707 1233 ino
1740 1190 1959 1234 eomes
1990 1170 2147 1234 trad.
2182 1190 2297 1234 seo
2327 1170 2482 1233 Βοιι.
2513 1173 2680 1233 hona
2713 1173 2824 1232 ma
2851 1175 2918 1234 in
2957 1170 3412 1257 Longesfurt
3441 1193 3586 1278 euni
3617 1176 3857 1240 familia
3887 1185 3952 1242 σί

1162 1235 1499 1322 nrbttantia
1554 1277 1657 1320 ιιιι.

1334 1345 1443 1406 82.
1470 1344 1735 1406 Go‘zolt
1777 1343 1936 1406 trad.
1978 1343 2201 1425 predia
2230 1344 2433 1405 suain
2481 1345 2762 1408 linaha.
2807 1346 2929 1408 hoc
2961 1347 3053 1408 eft
3080 1349 3360 1410 niueam.
3403 1350 3608 1432 agros.
3639 1349 3952 1414 domaret

1158 1433 1443 1514 pomeria
1474 1446 1854 1512 omnemque
1885 1429 2287 1493 rubssantiam
2318 1440 2399 1492 et·
2413 1430 2732 1495 famiiiam.

1210 1567 1231 1588 ,
1332 1517 1435 1579 83.
1468 1517 1761 1580 Blitrud
1804 1537 1963 1580 eom.
2005 1518 2162 1580 trad.
2196 1536 2313 1579 sco
2354 1517 2508 1580 Bon.
2552 1519 2673 1580 has
2715 1516 2902 1581 uillas
2947 1519 3346 1584 Ebilerfett
3375 1528 3441 1583 et
3479 1521 3698 1602 (152⁸)
3739 1540 3954 1586 waz-
3991 1565 4000 1572 ·

1159 1603 1487 1668 zen-lora.
1516 1603 2000 1687 Durngestat.
2033 1603 2544 1667 staffelstein.
2577 1605 2969 1668 Kunestat.
3001 1613 3064 1668 et
3093 1614 3311 1670 eetera
3341 1609 3502 1670 loca

1331 1684 1436 1754 84.
1467 1691 1623 1753 Item
1654 1691 1879 1754 eadem
1910 1691 2219 1753 comitissa
2248 1689 2403 1753 trad.
2439 1709 2556 1754 sco
2586 1693 2740 1754 Bon.
2771 1696 2836 1754 in
2865 1709 3040 1776 pago
3071 1695 3493 1758 Gozfelden
3534 1697 3598 1757 in
3629 1696 3778 1759 uilla
3807 1697 3953 1760 Isi

1156 1776 1495 1926 nerhtfim
1525 1782 1970 1859 proprietatem
2004 1780 2177 1840 suam
2206 1781 2279 1838 in
2306 1781 2494 1861 agris.
2535 1780 2755 1842 uineis.
2787 1785 2988 1860 pratis
3031 1781 3202 1844 siluis
3233 1781 3525 1844 domibus
3570 1799 3650 1844 ‘ae
3694 1783 3952 1884 familiis

1159 1871 1225 1929 et
1294 1883 1363 1926 ro
1388 1884 1429 1928 e
1457 1878 1691 1928 eorum.

1248 1880 1291 1947 p
1334 1951 1438 2014 85.
1468 1950 1884 2013 Adeibreth
1914 1969 2077 2014 com.
2111 1960 2175 2012 et
2206 1951 2399 2013 frater
2431 1955 2574 2014 eius
2619 1953 3036 2036 eggibreht
3075 1954 3232 2017 trad.
3266 1973 3382 2017 sco
3412 1955 3565 2017 Bon.
3598 1955 3746 2017 XXX
3773 1955 3966 2019 uillar

1152 2032 1337 2100 iuxta
1364 2037 1622 2100 fluuium
1665 2034 1980 2099 Bollaha
2012 2045 2075 2099 et
2103 2035 2413 2100 Tubero.
2459 2041 2525 2101 in
2570 2042 2764 2122 pagis
2808 2039 3304 2124 Badnegowe
3349 2049 3413 2103 et
3452 2044 3844 2126 Rangewe
3889 2051 3955 2106 et
4088 2040 4098 2052 '
4196 2102 4221 2132 s

1154 2127 1473 2206 mancipia
1499 2129 1645 2186 sine
1672 2144 1956 2187 numero.

1328 2206 1433 2280 86.
1464 2209 1715 2275 walah
1756 2230 1917 2274 com.
1952 2217 2015 2273 et
2044 2229 2207 2273 uxor
2247 2214 2390 2275 eius
2429 2211 2738 2294 Megina
2781 2211 3170 2275 tradiderunt
3211 2211 3730 2298 Knecegowe.
3777 2214 3955 2280 Ter-

1154 2297 2139 2382 hirse.Marbbu1-gehuren.
2172 2305 2237 2360 et
2268 2307 2485 2361 cetera
2515 2297 2794 2361 confinia
2821 2303 3000 2361 iuxta
3031 2301 3252 2382 Moyn
3282 2301 3542 2363 fluuium
3573 2303 3708 2365 sita.

1329 2383 1434 2445 87.
1466 2381 1691 2445 Erdin
1753 2392 1817 2445 et
1872 2383 2233 2446 Gloubrat
2296 2385 2455 2446 trad.
2518 2401 2635 2447 sco
2691 2385 2847 2446 Βοιι.
2899 2385 3257 2469 Tungede
3303 2395 3368 2450 et
3411 2393 3626 2449 omnia
3676 2389 3956 2453 confinia

1156 2472 1322 2534 eius.
1352 2473 1418 2532 in
1447 2489 1620 2554 pago
1650 2470 2177 2554 Werengewe.
2211 2486 2355 2532 eum
2384 2471 2590 2534 multa.
2607 2469 2866 2532 familia.

1330 2555 1434 2618 88.
1464 2557 1600 2619 Vta
1627 2555 1784 2619 trad.
1809 2575 1921 2639 pro
1946 2559 2253 2618 memoria
2274 2559 2393 2618 uiri
2426 2558 2515 2619 sui
2538 2557 2886 2619 Morialdi
2915 2561 2981 2622 in
3005 2558 3404 2622 wertheim
3425 2561 3620 2622 Rota
3649 2566 3714 2624 et
3736 2568 3966 2625 eetera·

1158 2643 1439 2708 confinia
1466 2643 1824 2724 prediorum
1854 2648 1920 2706 in
1949 2662 2121 2727 pago
2155 2643 2768 2724 Chochengewe.
2801 2662 2944 2706 eum
2975 2645 3216 2707 familia
3245 2645 3374 2709 rua.

1330 2729 1435 2794 89.
1468 2729 1715 2793 Otwin
1746 2727 1903 2793 trad.
1930 2749 2047 2792 seo
2070 2729 2223 2792 Bon.
2252 2733 2321 2791 in
2352 2731 2809 2812 Heitingel’u
2822 2730 2929 2814 eit
2957 2734 3380 2812 proprietates
3399 2735 3546 2795 ruas
3569 2740 3635 2796 et
3664 2733 3950 2798 familias.

1330 2815 1435 2878 90.
1468 2817 1752 2880 Gozuib
1784 2817 1941 2880 trad.
1974 2835 2090 2879 sco
2121 2817 2273 2878 Bon.
2306 2819 2371 2878 in
2396 2817 2700 2879 ·erlibah
2732 2818 2899 2879 bona
2929 2820 3060 2887 rna.

1300 2893 1436 2966 9.1
1467 2903 1880 2966 Mahtruint
1921 2912 1985 2965 et
2030 2905 2200 2965 soror
2249 2906 2393 2966 eius
2444 2903 2843 2966 Burcsuint
2891 2905 3051 2967 trad.
3099 2922 3218 2968 sco
3261 2905 3418 2968 Βοιι.
3475 2905 3844 2969 Steinaha
3889 2915 3952 2970 et

1158 2994 1371 3055 omnia
1398 2992 1545 3055 loca
1574 2992 1852 3054 confinia
1882 2994 1963 3053 ei.

1330 3078 1432 3141 92.
1465 3078 1762 3143 Nithart
1790 3077 1947 3142 trad.
1982 3096 2096 3141 sco
2126 3074 2290 3140 Βοιι
2312 3076 2724 3140 Medebaeh
2755 3080 2818 3139 in
2851 3078 3338 3163 phinzgowe.

1070 3242 1079 3255 .
1329 3164 1432 3227 93.
1463 3164 1919 3249 Reginsuint
1970 3184 2130 3227 eom.
2172 3164 2333 3225 trad.
2366 3181 2483 3226 seo
2527 3164 2681 3225 Bon.
2737 3164 3084 3229 Ritheim.
3132 3173 3198 3228 et
3239 3164 3524 3229 Ritfelt.
3573 3166 3948 3231 Suabaha,

1154 3251 1583 3315 suabheim.
1647 3252 1961 3314 Vrheim.
2034 3252 2579 3313 Vrbarel'heim.
2643 3251 3230 3315 wilantesheim.
3283 3248 3682 3337 Biergila.
3695 3254 3947 3316 Houo-

1142 3336 1362 3402 Qheim
1396 3346 1461 3401 et
1491 3346 1708 3401 cetera
1737 3340 1927 3401 loca
1910 3357 1973 3401 ιιι
2006 3354 2177 3420 pago
2210 3336 2624 3419 Bangewe.

1325 3426 1431 3487 94.
1460 3425 1589 3486 Eio
1622 3432 1687 3487 et
1714 3425 2129 3507 Regenhilt
2158 3423 2378 3486 tradid.
2413 3424 2917 3505 Reminingen
2961 3430 3157 3486 totum
3190 3432 3254 3487 et
3280 3428 3600 3533 integ-mm
3647 3426 3947 3508 quicquid
3991 3458 4010 3483 0

1150 3508 1237 3573 ibi
1265 3512 1620 3575 habuerunt
1649 3528 1765 3573 sco
1794 3510 1945 3572 Bon.
2172 3543 2180 3553 -

1325 3598 1429 3659 95.
1462 3598 1751 3660 Arnfrit
1779 3596 1938 3658 trad.
1974 3597 2122 3658 uilla
2152 3596 2612 3657 Grezcestat
2653 3602 2716 3656 et
2748 3612 2996 3656 omnem
3029 3596 3330 3657 familiam
3361 3599 3526 3658 eius,

1324 3682 1430 3745 96.
1461 3680 1743 3745 Ezzelo
1774 3684 1929 3745 trad.
1962 3686 2383 3763 proprietates
2431 3682 2576 3743 ΓιιαΓ
2607 3685 2672 3742 in
2704 3681 3060 3743 Kurnaha
3097 3690 3164 3744 et
3200 3681 3612 3743 Dornheim
3645 3684 3940 3765 quicquid

1150 3770 1237 3833 ibi
1264 3771 1528 3833 habuit
1510 3791 1575 3833 ιιι
1608 3770 1795 3855 agris.
1825 3772 2034 3848 pratis.
2068 3769 2249 3831 siluis.
2280 3766 2548 3831 familiis.

1322 3856 1427 3919 97.
1460 3856 1906 3920 Wernbraht
1934 3856 2089 3919 trad.
2124 3859 2292 3920 bona
2322 3856 2528 3917 suain
2559 3856 3032 3919 Gruonbach.
3065 3862 3130 3916 et
3159 3854 3839 3918 lsinharteshusen.
3873 3860 3936 3919 in

1148 3961 1322 4028 pago
1355 3943 1799 4007 Gozfelden.
1831 3964 1975 4006 cum
2006 3945 2261 4006 familiis
2283 3951 2347 4004 et
2376 3945 2591 4005 rebus,
3689 3970 3702 3983 ·

1324 4028 1427 4093 98.
1459 4030 1893 4114 Tagabraht
1934 4029 2091 4093 trad.
2126 4048 2239 4093 sco
2282 4030 2438 4093 Βοιι.
2479 4032 2544 4092 in
2589 4050 2762 4114 pago
2803 4030 3253 4092 Walsaciae.
3301 4026 3727 4111 Cellingen.
3776 4037 3839 4090 et
3869 4049 3935 4091 ιιι

1148 4116 1782 4267 Ballidrateshofen
1828 4125 1892 4179 et
1932 4120 1999 4180 in
2041 4116 2531 4180 steinfelden
2577 4118 2877 4200 quicquid
2919 4118 3004 4180 ibi
3041 4114 3448 4197 proprietatis
3475 4114 3712 4214 habuit.
3743 4121 3812 4177 ot
3839 4114 3936 4178 fa·-

1146 4222 1231 4266 ιιιι
1278 4220 1355 4267 as

1320 4290 1425 4356 99.
1456 4292 1677 4352 Hatto
1724 4292 1925 4353 abbas
1956 4288 2125 4352 dedit
2167 4290 2572 4351 Humberto
2620 4292 2833 4353 comiti
2865 4290 2950 4351 ..V
2982 4288 3236 4415 liubai*
3217 4308 3284 4351 ιιι
3321 4289 3652 4371 prouincia
3690 4290 3933 4351 turin-

1149 4390 1411 4462 got-um
1444 4384 1509 4439 et
1534 4382 1775 4458 recepit
1806 4379 1885 4441 ab
1916 4396 1997 4439 eo
2027 4377 2286 4439 totidem
2315 4380 2382 4438 in
2415 4376 2824 4459 eeilingen.

1327 4462 1550 4549 (152)
1597 4464 1734 4539 100.
1765 4466 2084 4527 Dederunt
2114 4464 2338 4526 fideles
2358 4464 2478 4525 uiri
2506 4463 2903 4548 Berengoz
2934 4469 2999 4525 et
3025 4405 3506 4525 Flainbraht'
3485 4481 3551 4523 ιιι
3583 4461 3932 4523 rezertat

1102 4594 1111 4599 -
1147 4569 1263 4615 sco
1283 4544 1440 4614 Bon.
1465 4542 1764 4632 'quiequid
1790 4552 2193 4633 proprietatis
2206 4550 2587 4613 habuerunt.
2621 4552 2684 4612 in
2716 4550 2886 4613 areis
2907 4552 3104 4631 pratil·
3119 4550 3346 4612 uineis.
3373 4548 3554 4610 ffluil'.
3579 4548 3927 4629 mancipiis.

1324 4638 1463 4701 101.
1496 4638 1819 4700 Riehere
1852 4646 1921 4700 et
1945 4656 2106 4699 uxor
2137 4641 2279 4702 eius
2321 4636 2592 4698 Rihiza
2631 4638 2786 4699 trad.
2820 4655 2936 4699 seo
2966 4637 3119 4699 Bon.
3152 4635 3373 4717 predia
3403 4635 3609 4695 suain
3651 4632 3928 4697 Riobe-

1144 4715 1454 4788 rerddrf.
1488 4732 1551 4787 et
1581 4726 1647 4786 in
1679 4724 1970 4786 omnibus
2000 4720 2233 4787 finibus
2260 4727 2431 4786 eius.
2465 4724 2669 4807 agros.
2703 4726 2951 4787 uineas.
2983 4725 3210 4787 domos
3242 4728 3306 4783 et
3334 4721 3630 4782 familias.
3743 4752 3750 4759 ·

1322 4811 1461 4875 102.
1492 4809 1963 4897 Reginsuind
2006 4809 2177 4874 dedit
2219 4829 2335 4874 seo
2377 4810 2530 4873 Βοιι.
2571 4811 2794 4895 predia
2824 4813 2935 4875 tua
2973 4813 3040 4873 in
3077 4810 3244 4871 lara
3287 4814 3352 4869 et
3388 4804 3735 4870 steinbah
3779 4812 3924 4871 enm

1138 4898 1482 4981 mancipnt.
1514 4899 1703 4983 agris:
1733 4900 1962 4963 uineis.
1996 4904 2060 4961 et
2089 4917 2127 4961 ο
2164 4897 2403 4979 (censu
2419 4892 2574 4986 Y).
