4821 5976
3763 887 3803 932 V

1000 1073 1223 1136 schrift
1253 1071 1629 1148 Eberhards,
1653 1073 1907 1135 welche
1936 1072 2249 1135 ebent'alls
2280 1074 2345 1134 in
2376 1070 2522 1133 dem
2550 1069 2853 1154 hiesigen
2878 1065 3552 1152 Regierungsarchive
3583 1064 3804 1128 autbe-

1002 1178 1209 1239 wahrt
1240 1177 1421 1250 winl,
1452 1175 1711 1238 besteht
1741 1194 1860 1236 aus
1892 1181 2065 1238 zwei
2088 1174 2348 1237 Biinden
2379 1178 2447 1237 in
2468 1175 2671 1248 Folio;
2705 1175 2818 1234 der
2841 1181 3014 1235 erste
3035 1171 3212 1233 Band
3245 1169 3484 1232 enffialt
3521 1169 3662 1244 177,
3693 1167 3805 1230 der

1002 1283 1243 1340 zweite
1280 1279 1399 1339 196
1440 1279 1704 1352 Blatter3
1752 1280 1835 1339 im
1878 1287 2094 1339 ersten
2140 1278 2355 1365 Bande
2389 1277 2606 1339 fehlen
2649 1276 2770 1338 das
2811 1279 3052 1338 zweite
3095 1275 3224 1336 und
3262 1274 3448 1336 dritte
3490 1263 3651 1334 Blatt
3695 1271 3806 1331 der

1000 1367 1229 1442 ersten-
1251 1383 1429 1462 Lage
1460 1381 1587 1441 und
1618 1379 1721 1440 die
1750 1379 1985 1442 Blatter
2022 1380 2375 1440 145—156
2421 1380 2568 1440 sind
2597 1377 2992 1441 verbunden.
3036 1376 3353 1439 Eberhard
3397 1376 3506 1435 hat
3544 1375 3648 1436 die
3692 1373 3803 1435 Ur-

998 1483 1259 1544 kunden
1289 1487 1355 1544 in
1382 1485 1677 1565 gewisse
1706 1483 2177 1563 Abtheilungen
2211 1483 2546 1563 gebracht;
2593 1482 2820 1541 diesen
2852 1479 2962 1541 hat
2989 1496 3081 1554 er,
3112 1481 3243 1539 wie
3275 1477 3437 1538 auch
3469 1477 3612 1538 dem
3644 1493 3808 1556 gan-

998 1603 1127 1646 zen
1158 1585 1409 1658 Werke‚
1440 1584 1714 1645 kiirzere
1747 1583 1901 1645 oder
1923 1584 2189 1666 langere
2214 1585 2486 1666 Prologe
2510 1580 3116 1664 vorausgeschickt,
3139 1582 3207 1641 in
3237 1580 3534 1640 welchen
3564 1597 3635 1638 er
3665 1575 3808 1638 sich

974 1686 1155 1746 *iiber
1185 1691 1368 1747 scine
1399 1687 1633 1758 Arbeit,
1665 1685 1823 1746 iiber
1852 1688 1976 1747 den
2008 1687 2210 1748 Inhalt
2240 1686 2353 1747 der
2384 1676 2740 1757 einzelnen
2756 1684 3130 1746 Abschnitte
3160 1702 3222 1746 u.
3256 1700 3310 1744 s.
3343 1681 3386 1742 f.
3422 1679 3804 1760 ausspricht.

996 1787 1313 1847 Desshalb
1338 1787 1467 1847 will
1490 1787 1593 1848 ich
1618 1788 1717 1848 sie
1743 1787 1856 1848 der
1870 1786 2355 1868 Beschreibung
2378 1788 2491 1850 der
2506 1787 2915 1849 Handschrist
2935 1785 3326 1867 vollstandig
3351 1784 3805 1874 einverleiben.

1162 1888 1276 1950 Bd.
1317 1893 1337 1947 l
1382 1887 1467 1948 Bl.
1508 1885 1573 1947 1¹²
1604 1889 1871 1970 beginnt
1900 1893 1967 1949 in
1998 1891 2476 1952 Uncialschrifl:
2525 1893 2643 1966 „ln
2677 1893 2932 1950 nomine
2963 1890 3162 1968 patris
3195 1895 3258 1948 et
3287 1888 3418 1948 filii.
3451 1893 3516 1947 et
3545 1888 3808 1965 spiritus

995 1993 1225 2050 sancti.
1250 1993 1469 2068 incipit
1487 1991 1646 2051 liber
1668 1990 2030 2071 descriptus
2052 1995 2119 2053 in
2142 1993 2383 2054 honore
2410 1996 2617 2054 sancti
2639 1995 2939 2072 martyris
2963 1990 3290 2052 Bonifacii.
3315 1991 3560 2068 patroni
3585 1989 3806 2070 nostri.

994 2097 1333 2153 continens
1363 2095 1707 2175 privilegia
1730 2096 2243 2174 apostolicorum.
2268 2103 2574 2176 precepta
2596 2113 2821 2177 regum
2856 2101 2921 2155 et
2949 2097 3414 2174 imperatorum.
3452 2091 3809 2151 oblationes

993 2193 1293 2256 fidelium.
1326 2197 1702 2257 concambia
1733 2214 1987 2274 quoque
2019 2199 2432 2276 quorumdam
2463 2198 2843 2278 prediorum.
2885 2217 3005 2258 nec
3031 2215 3158 2256 non
3191 2198 3381 2255 etiam
3421 2193 3807 2252 tradiciones

992 2294 1372 2356 familiarum
1417 2297 1607 2381 huius
1650 2301 2022 2357 monasterii
2066 2298 2424 2357 Fuldensis.
2484 2301 2660 2370 Quae
2703 2303 2916 2359 omnia
2961 2299 3171 2358 diuisa
3215 2304 3364 2356 sunt
3403 2299 3469 2354 in
3516 2312 3809 2373 quasque

992 2406 1232 2475 partes.
1263 2400 1351 2456 ita
1384 2405 1449 2455 ut
1479 2397 1767 2474 singulae
1800 2413 2097 2475 quaeque
2128 2395 2405 2456 habeant
2448 2415 2608 2458 suas
2654 2399 3120 2466 distinctiones,
3153 2403 3218 2458 et
3249 2415 3372 2456 sua
3408 2396 3701 2474 capitula.
3744 2403 3811 2455 ut

992 2496 1221 2557 melius
1256 2515 1333 2558 ac
1362 2497 1571 2556 leuius
1602 2497 1835 2575 possint
1863 2499 2158 2558 inueniri.
2200 2517 2367 2578 quae
2408 2516 2450 2559 a
2479 2501 2845 2582 legentibus
2877 2503 3293 2580 inquiruntur.
3327 2504 3391 2558 ct
3423 2515 3461 2558 a
3491 2499 3810 2576 querenti-

989 2601 1113 2662 bus
1156 2601 1645 2681 inuestigantur.
1691 2599 1921 2661 Notare
1962 2599 2197 2661 debent
2234 2602 2554 2684 legentes.
2596 2622 2680 2662 ne
2723 2605 3014 2682 scriptori
3054 2602 3303 2680 culpam
3346 2603 3671 2680 inponant.
3719 2617 3798 2659 eo

990 2700 1158 2780 quod
1189 2719 1317 2760 non
1349 2708 1451 2761 est
1480 2701 1603 2763 hoc
1650 2720 1812 2781 opus
1854 2702 2205 2764 ordinatum
2253 2705 2818 2767 secundum‘uices
2858 2723 3296 2786 personarum.
3341 2710 3404 2764 et
3445 2701 3798 2764 secundum

990 2801 1275 2863 ordinem
1306 2809 1678 2882 temporum.
1712 2804 2017 2887 Singulas
2044 2808 2213 2866 enim
2238 2808 2539 2869 scedulas
2565 2811 2935 2888 accepimus
2960 2828 2999 2869 a
3020 2809 3292 2869 librario.
3319 2809 3484 2867 sicut
3505 2809 3799 2883 poterant

989 2907 1283 2965 inueniri.
1322 2903 1562 2978 Quibus
1593 2906 1875 2968 redditis.
1910 2907 2074 2969 alias
2100 2911 2486 2988 accepimus.
2519 2911 2647 2971 Nec
2671 2917 2918 2990 poterat
2950 2929 3245 2992 quaeque
3277 2908 3543 2970 scedula
3570 2908 3798 2967 leuiter

988 3008 1120 3089 legi
1165 3025 1321 3086 prae
1364 3010 1560 3076 nimia
1600 3016 1931 3082 uetustate·
1965 3018 2029 3071 et
2072 3015 2543 3092 inexperientia
2581 2996 2867 3075 s'coticae
2914 3018 3267 3095 scripturae
3307 3010 3392 3091 ¹).
3439 3018 3504 3072 et
3545 3014 3795 3090 apicum

990 3109 1255 3209 uilitate.
1286 3110 1419 3172 Hoc
1451 3117 1662 3172 tamen
1692 3131 1849 3192 prae
1876 3116 2167 3175 omnibus
2201 3134 2458 3175 oramus
2489 3124 2556 3176 ut
2586 3118 2994 3179 considerent
3025 3118 3256 3179 fratres
3302 3121 3537 3196 quanto
3578 3114 3794 3173 labore

989 3212 1250 3291 singula
1295 3213 1564 3273 collecta
1600 3218 1729 3275 sint
1774 3221 1837 3273 et
1864 3218 2147 3275 inuenta.
2192 3222 2382 3294 atque
2423 3213 2825 3295 transcripta.
2873 3226 2936 3277 et
2973 3221 3080 3279 ubi
3121 3238 3284 3297 opus
3329 3218 3446 3279 fuit
3487 3222 3793 3279 correcta.

988 3312 1143 3371 Nam
1174 3312 1254 3371 de
1286 3314 1641 3390 scripturae
1672 3315 1977 3374 exilitate.
2010 3324 2075 3374 et
2111 3317 2523 3377 membranae
2555 3318 2855 3397 qualitate
2902 3317 3054 3378 nihil
3100 3318 3180 3379 ad
3221 3330 3375 3377 rem'.
3421 3336 3565 3377 cum
3609 3316 3796 3395 possit
3884 3322 3894 3331 '

987 3413 1218 3473 melius
1250 3411 1457 3474 adhuc
1486 3414 1689 3475 scribi.
1709 3418 1747 3445 “
1787 3414 1921 3495 Aul*
1942 3416 2087 3477 dem
2117 3417 2462 3479 fehlenden
2491 3422 2775 3481 zweiten
2805 3421 3006 3482 Blatte
3053 3420 3241 3481 stand
3281 3418 3615 3501 folgender
3643 3419 3793 3476 Pro·
3849 3394 3854 3401 ²

986 3515 1117 3596 log,
1150 3513 1273 3575 den
1296 3514 1403 3576 ich
1434 3533 1555 3576 aus
1578 3517 1777 3591 einer,
1800 3516 2338 3581 wahrscheinlich
2360 3524 2445 3582 im
2469 3500 2892 3584 vierz'ehnten
2915 3522 3381 3583 Jahrhunderte
3404 3520 3793 3602 gefertigten

986 3615 1305 3677 Abschrift
1334 3617 1453 3678 des
1488 3616 1809 3699 Originals
1856 3620 2173 3683 entlehne.
2218 3624 2492 3703 „Incipit
2530 3625 2837 3707 prologus
2881 3628 2946 3686 in
2991 3643 3152 3705 opus
3196 3641 3505 3705 sequens.
3535 3623 3671 3683 Non
3701 3624 3797 3682 in-

988 3718 1247 3801 dignum
1280 3727 1389 3780 aut
1416 3722 1885 3783 inconueniens
1916 3724 2020 3785 uel
2066 3725 2452 3804 superfluum
2499 3730 2792 3808 cuiquam
2822 3727 3112 3790 uideatur
3145 3727 3311 3807 quod
3343 3732 3515 3787 tanto
3558 3744 3636 3787 ac
3665 3732 3794 3785 tam

986 3826 1366 3883 necessario
1400 3828 1575 3903 operi
1602 3824 1937 3908 prologum
1965 3831 2440 3906 praeponimus.
2473 3832 2590 3891 Pro
2622 3830 2864 3892 honore
2893 3830 3248 3894 beatissimi
3281 3832 3578 3910 martyris
3610 3828 3796 3889 Boni-

988 3923 1145 3984 facii
1173 3932 1235 3985 et
1265 3944 1377 4004 pro
1408 3930 1788 3988 reuerencia
1826 3937 2245 3992 sacrosancte
2284 3936 2826 4014 congregacionis
2857 3932 3172 3995 fuldensis
3204 3934 3577 3993 monasterii
3619 3934 3822 4023 inceffi

867 4084 875 4091 ,
987 4028 1199 4104 pimus
1230 4029 1534 4110 colligere
1567 4037 1761 4110 atque
1806 4034 2215 4094 conscribere
2260 4034 2339 4095 de
2385 4038 2848 4103 uetusfissimis
2888 4038 3082 4097 etiam
3127 4039 3312 4097 senio
3351 4034 3794 4097 deficientibus

988 4127 1275 4189 scedulis
1305 4126 1640 4215 priuilegia
1671 4135 2160 4214 apostolicorum
2190 4146 2496 4217 precepta
2540 4158 2764 4221 regum
2794 4139 3181 4202 tradiciones
3212 4137 3500 4200 fidelium
3521 4138 3795 4199 oblacio-

986 4246 1111 4291 nes
1158 4229 1417 4293 fratrum
1456 4242 1801 4316 ceteraque
1840 4238 1964 4298 alia
1996 4258 2120 4319 que
2149 4239 2297 4303 huic
2342 4245 2732 4305 monasterio
2765 4244 2993 4305 collata
3023 4249 3175 4305 sunt
3207 4262 3246 4303 a
3273 4242 3610 4321 primordio
3642 4261 3794 4303 con-

988 4335 1359 4394 structionis
1390 4352 1600 4415 usque
1632 4338 1711 4399 ad
1740 4339 1861 4401 hec
1900 4348 2209 4422 tempora.
2270 4342 2664 4426 Quapropter
2708 4346 3036 4408 attendant
3071 4328 3370 4428 legentes
3412 4365 3542 4408 non
3585 4346 3794 4407 solum

1136 4577 1181 4641 ¹)
1199 4578 1289 4627 Mit
1309 4578 1485 4628 dieser
1504 4582 1717 4632 scotIca
1734 4586 2085 4649 scripturaIst
2097 4590 2227 4641 eben
2249 4592 2333 4642 die
2354 4592 3144 4659 engelsachsisch-lateinlsche
3159 4596 3359 4647 schrift
3376 4594 3626 4661 gemeint·
3643 4588 3791 4637 Ailch

988 4664 1041 4712 in
1074 4665 1273 4712 andern
1300 4664 1550 4717 Klostern
1575 4668 1817 4719 bedlente
1845 4685 1966 4723 man
1988 4676 2103 4725 slch
2128 4690 2228 4735 aus
2256 4681 2559 4729 demselben
2593 4682 2930 4731 natiirlichen
2970 4684 3178 4732 Gnrnde
3216 4684 3393 4731 dieser
3421 4680 3638 4741 Scin-itt,
3661 4690 3708 4726 z.
3735 4676 3788 4725 B.

988 4748 1043 4797 in
1068 4749 1141 4797 St.
1170 4750 1375 4811 Galles,
1390 4763 1477 4801 wo
1502 4755 1638 4803 nach
1660 4757 1778 4806 dem
1802 4760 1949 4807 alten
1973 4762 2209 4827 Katalog
2234 4765 2300 4813 25
2322 4766 2738 4817 Handschriften
2759 4780 2962 4834 waren,
2987 4770 3038 4818 lt
3054 4770 3085 4817 b
3101 4770 3156 4818 ri
3193 4780 3220 4817 s
3235 4768 3451 4817 cottio
3466 4780 3494 4815 e
3519 4778 3548 4813 s
3563 4763 3786 4825 cripti.

992 4834 1043 4881 S.
1070 4836 1175 4882 Arx
1202 4836 1515 4888 Geschlchte
1544 4851 1650 4889 von
1678 4841 1750 4891 St.
1780 4844 1967 4894 Galleu
1994 4847 2041 4906 1,
2068 4847 2165 4896 190
2191 4850 2223 4897 'b
2249 4863 2298 4900 u.
2329 4850 2426 4901 191·
2452 4866 2496 4901 e.
