4821 5976
1039 860 1170 923 1⁵⁰
2278 858 2431 942 Cap.
2479 846 2583 929 7'2.
2616 862 2718 926 73.

915 1058 926 1075 ·
1037 1030 1208 1093 sesto
1239 1037 1656 1111 comparetur.
1687 1028 1860 1092 Idem
1887 1031 1988 1091 uir
2015 1028 2241 1093 beatus
2260 1028 2485 1114 largus
2526 1037 2719 1111 atque
2747 1030 3095 1093 munificus.
3140 1040 3207 1095 et
3242 1034 3521 1097 fraterne
3558 1038 3842 1101 caritatis

1038 1116 1272 1181 affectu
1303 1116 1550 1197 plenus.
1583 1120 1734 1177 emit
1764 1118 1956 1176 etiam
1997 1114 2313 1195 quoddam
2341 1115 2627 1195 predium
2664 1119 2733 1178 in
2762 1116 3003 1177 Sunth
3016 1119 3159 1178 eim
3187 1134 3305 1197 per
3340 1120 3659 1183 ebonem
3688 1142 3835 1203 par-

1033 1202 1404 1267 rochianum
1429 1218 1468 1261 a
1498 1198 1769 1280 quodam
1795 1202 1928 1260 uiro
1963 1202 2216 1261 nomine
2241 1199 2551 1263 Ortwin.
2586 1200 2754 1281 quod
2778 1200 2865 1262 Ν.
2899 1199 3129 1263 solidos
3151 1202 3370 1265 reddit.
3404 1210 3469 1264 et
3497 1206 3564 1266 in
3586 1206 3832 1268 Scan-

1037 1286 1223 1349 dera
1252 1287 1412 1348 duos
1433 1285 1662 1346 fratres
1670 1302 1812 1345 cum
1836 1284 2133 1364 predialis
2157 1284 2284 1345 suis
2304 1285 2575 1347 ecclesie
2606 1287 2999 1365 conquisiuit.
3025 1284 3135 1365 qui
3157 1285 3317 1348 duos
3339 1287 3570 1350 solidos
3590 1307 3834 1352 annua-

1033 1374 1146 1433 tim
1176 1371 1558 1451 persoluunt.
1585 1368 1714 1429 Sed
1745 1376 1808 1430 et
1837 1369 2261 1431 molendinum
2291 1371 2459 1431 infra
2502 1372 2673 1430 urbis
2709 1371 2922 1431 muros
2942 1370 3278 1432 edificauit.
3320 1378 3385 1433 ct
3425 1373 3552 1434 alia
3591 1376 3834 1437 molen·-

1036 1455 1203 1518 dina.
1236 1472 1362 1535 que
1391 1460 1540 1515 sunt
1571 1455 1732 1515 ultra
1761 1454 2364 1533 aquamcomburta
2401 1458 2468 1515 in
2498 1455 2727 1516 melius
2758 1454 3142 1517 reformauit.
3176 1456 3394 1517 Villam
3424 1474 3680 1538 quoque
3710 1462 3833 1542 gi·

1037 1540 1247 1600 selah
1261 1556 1317 1599 a.
1351 1557 1477 1618 que
1507 1540 1762 1617 prorsus
1794 1538 2137 1599 defecerat.
2183 1544 2246 1597 et
2274 1540 2340 1599 in
2383 1539 2775 1600 solitudinem
2820 1537 3081 1601 redacta
3120 1538 3347 1601 suerat.
3390 1540 3581 1603 multo
3611 1543 3830 1607 labore

1033 1626 1373 1704 rcparauit.
1408 1631 1471 1683 et
1510 1626 1575 1683 in
1621 1622 1878 1682 fratrum
1922 1622 2096 1681 usum
2142 1622 2422 1683 restituit.
2468 1621 2589 1683 Iste
2634 1642 2791 1705 ergo
2844 1625 3001 1684 sicut
3036 1622 3429 1702 prediximus
3470 1628 3568 1687 uir
3593 1626 3831 1704 beatus

1035 1714 1100 1770 et
1129 1711 1301 1768 omni
1327 1712 1494 1768 bono
1546 1706 1762 1782 (183⁸)
1804 1722 1998 1783 opere
2026 1705 2255 1784 plenus
2277 1725 2405 1767 non
2436 1707 2628 1767 solum
2663 1710 2725 1767 in
2768 1709 3190 1769 exterioribus
3228 1708 3399 1770 utilis
3422 1726 3500 1770 ac
3538 1712 3834 1772 necessa·

1037 1792 1443 1853 riusfuit.hoe
1454 1791 1544 1851 est
1564 1788 1632 1850 ih
1657 1788 1925 1850 edificiis
1935 1792 2020 1849 ,in
2043 1790 2400 1852 noualibus.
2420 1793 2487 1851 in
2510 1792 2915 1873 agricultura.
2938 1794 3005 1855 in
3028 1795 3430 1872 coemptione
3450 1794 3829 1873 prediorum.

1038 1876 1147 1939 sed
1176 1882 1241 1937 et
1269 1878 1534 1951 interius
1563 1874 1628 1935 ld
1659 1874 1749 1933 est
1779 1876 1844 1933 in
1875 1873 2148 1935 ecclesia
2175 1876 2240 1935 in
2272 1875 2373 1935 his
2395 1893 2522 1956 que
2553 1875 2633 1937 ad
2672 1876 2863 1937 deum
2892 1883 2957 1938 et
2984 1876 3265 1939 diuinum
3301 1880 3618 1957 pertinent
3647 1881 3832 1941 mini-

1035 1962 1286 2024 sterium
1319 1978 1508 2041 quam
1539 1959 1709 2019 utilis
1732 1958 1916 2018 suerit
1947 1959 2099 2020 ratis
2127 1960 2538 2021 manifestum
2572 1965 2667 2021 eet
2698 1962 2990 2022 omnibus
3022 1961 3319 2025 fratribus
3350 1965 3415 2023 in
3454 1962 3577 2024 hoc
3606 1980 3833 2026 mona·

1035 2048 1242 2107 iterio.
1275 2052 1336 2105 et
1367 2042 1759 2104 manifestius
1791 2043 1998 2105 adhuc
2037 2043 2264 2104 faturia
2305 2043 2600 2105 fidelibus
2631 2062 2775 2105 cum
2805 2044 3047 2107 sructue
3091 2046 3394 2107 bonitatis
3441 2046 3694 2109 eius-de
3723 2047 3828 2111 die

1036 2133 1106 2193 in
1144 2130 1247 2191 die
1293 2130 1752 2207 supercreuerit
1791 2134 1858 2188 et
1894 2135 2338 2189 aucmentatua
2382 2127 2589 2189 suerit.
2634 2128 2922 2209 Denique
2962 2135 3027 2190 et
3068 2130 3200 2209 ipse
3244 2130 3401 2191 felix
3438 2134 3830 2210 comparauit

1038 2214 1308 2277 ecclesie
1338 2214 1420 2275 de
1451 2214 1560 2273 suo
1599 2212 1817 2274 labore
1844 2212 1977 2271 tres
2009 2212 2246 2273 calices
2271 2213 2630 2293 argenteos.
2660 2230 2925 2293 quorum
2954 2216 3158 2274 maior
3185 2214 3273 2274 .V.
3304 2216 3556 2276 marcas
3578 2216 3829 2296 argenti

1038 2300 1275 2380 absque
1321 2316 1496 2359 auro.
1538 2298 1697 2357 alter
1726 2296 1870 2357 1111.
1903 2312 2178 2357 marcas.
2220 2300 2458 2359 tercius
2487 2314 2679 2357 unam
2720 2315 2998 2359 marcam
3026 2296 3219 2360 habet
3250 2300 3520 2379 argenti.
3552 2298 3831 2373 Quatuor

1036 2387 1226 2445 etiam
1260 2382 1511 2444 casulae
1542 2379 1730 2441 ualde
1767 2381 1975 2441 bonas
2021 2378 2102 2441 de
2129 2380 2320 2458 pallio
2351 2383 2586 2459 optimo
2632 2382 3007 2461 conquisiuit
3046 2382 3339 2443 ecclesie.
3380 2401 3575 2443 unam
3620 2401 3706 2444 ex
3736 2383 3835 2444 his

1035 2468 1119 2530 de
1157 2466 1300 2527 albo
1338 2465 1527 2545 pallio
1569 2466 1802 2544 optimo
1832 2482 1976 2524 cum
2013 2464 2340 2545 aurifrigio
2385 2470 2694 2525 ornatam.
2742 2464 2898 2526 Tres
2935 2465 3123 2527 albas.
3168 2475 3233 2526 et
3270 2484 3462 2526 unum
3505 2466 3827 2547 cingulum

1037 2570 1124 2612 ex
1151 2550 1362 2631 pallio.
1394 2550 1594 2609 Vnum
1623 2547 1844 2608 librum
1873 2548 2181 2607 missalem
2212 2566 2400 2625 quem
2432 2550 2702 2627 propriis
2733 2548 3027 2608 manibus
3057 2548 3397 2628 descripsit.
3428 2568 3571 2610 cum
3609 2550 3829 2611 lectio·

1036 2640 1218 2697 nario
1249 2642 1313 2697 et
1344 2633 1798 2711 euangeliario.
1832 2636 1896 2689 et
1924 2647 2118 2690 unum
2142 2629 2570 2690 collectarium
2608 2647 2754 2690 cum
2792 2634 3187 2710 coopertorio
3226 2632 3487 2711 piscino.
3545 2632 3827 2713 Cappam

1038 2736 1230 2779 unam
1261 2716 1448 2777 ualde
1477 2717 1708 2777 bonam
1740 2732 1823 2774 ex
1853 2712 2042 2792 pallio
2073 2729 2387 2792 purpureo
2420 2731 2563 2775 cum
2600 2714 2725 2775 lato
2766 2714 3090 2796 aurifrigio
3128 2716 3398 2778 ecclesie
3438 2720 3829 2797 comparauit

1041 2806 1108 2865 in
1139 2810 1425 2864 ornatum
1457 2800 1736 2861 fratrum.
1767 2798 2152 2877 Campanam
2183 2816 2376 2859 unam
2406 2798 2583 2859 fundi
2613 2800 2780 2860 iussit
2811 2819 2935 2880 que
2965 2799 3205 2861 constat
3244 2820 3328 2861 ex
3366 2800 3565 2863 xvm.
3608 2809 3827 2863 cente-

1039 2889 1250 2949 nariis.
1281 2904 1470 2967 quam
1503 2883 1666 2945 ‚xvl.
1695 2883 1926 2943 marcis
1957 2884 2367 2961 comparauit.
2405 2882 2668 2943 Vineam
2706 2901 2898 2946 unam
2936 2890 3120 2946 extra
3155 2886 3371 2946 muros
3397 2887 3571 2948 urbis
3600 2885 3829 2948 funda·

983 3003 1004 3020 ο
1037 2977 1148 3036 uit.
1180 2978 1244 3034 et
1273 2971 1354 3034 ad
1382 2972 1558 3034 usum
1590 2966 1858 3030 ecclesie
1889 2973 1954 3029 et
1982 2966 2242 3029 fratrum
2274 2984 2420 3029 eam
2450 2966 2794 3048 deputauit.·
2838 2968 3049 3031 Stolas
3071 2968 3217 3036 ,mL
3248 2988 3441 3032 unam
3485 2970 3671 3034 ualde
3710 2970 3824 3031 bo·

1034 3077 1182 3120 nam
1214 3076 1298 3118 ex
1330 3061 1616 3137 argento.
1648 3052 2166 3133 Antiphonarium
2199 3069 2342 3113 cum
2371 3050 2683 3133 graduali.
2716 3059 2781 3113 ct
2808 3053 3186 3132 psalterium.
3227 3062 3417 3135 atque
3442 3055 3821 3116 breuiarium

1033 3142 1340 3204 conscribi
1376 3141 1564 3200 iussit.
1602 3137 1878 3198 Mensale
1917 3139 2218 3214 optimum
2250 3153 2392 3196 cum
2430 3139 2831 3218 manutergio
2876 3143 2941 3197 et
2986 3137 3173 3218 cipho
3215 3146 3523 3220 argenteo
3558 3139 3825 3218 ipsemet

1029 3227 1365 3289 nouissime
1397 3225 1580 3303 super
1610 3239 1786 3283 aram
1815 3221 1916 3282 sci
1953 3219 2262 3280 Bonisacii
2301 3219 2539 3280 obtulit.
2580 3219 2786 3299 Super
2821 3221 2945 3283 hec
2984 3225 3197 3284 omnia
3234 3226 3425 3284 etiam
3471 3222 3554 3283 ad
3592 3222 3824 3285 descri-

1027 3311 1303 3376 bendum
1332 3309 1551 3371 librum
1579 3305 1762 3368 istum
1787 3305 2219 3367 membranam
2247 3303 2573 3386 impendit.

1303 3541 1527 3623 (¹83⁸)
1571 3542 1698 3614 73.
1735 3538 1839 3613 De
1877 3537 2241 3613 oblatione
2277 3537 2533 3636 Ertagi
2569 3539 2933 3614 cuiusdem
2970 3540 3238 3615 nobilis
3274 3543 3409 3614 uiri
3430 3539 3520 3620 ¹).

1191 3749 1262 3806 ln
1293 3747 1551 3807 nomine
1579 3745 1780 3826 patris
1811 3749 1876 3804 et
1904 3739 2015 3802 lilii
2045 3747 2110 3802 et
2141 3741 2388 3820 spiritus
2422 3743 2638 3803 sancti.
2668 3741 2967 3805 Nouerint
2996 3741 3221 3805 fideles
3241 3750 3369 3805 tam
3408 3743 3595 3804 suturi
3626 3761 3815 3824 quam

1016 3831 1344 3913 presentes
1368 3831 1636 3910 qualiter
1663 3846 1791 3910 ego
1821 3825 2052 3907 Ertag
2075 3843 2192 3886 sco
2213 3828 2327 3906 xpi
2348 3829 2585 3886 martiri
2608 3825 2935 3891 Bonisacio
2959 3834 3199 3912 curtem
3221 3846 3427 3890 meam
3450 3832 3517 3888 in
3540 3829 3817 3888 Tuten-

1015 3918 1252 3979 husen
1287 3933 1429 3977 cum
1463 3914 1756 3974 omnibus
1783 3911 2180 3990 pertinentiis
2216 3912 2359 3973 eius
2401 3911 2601 3974 trado.
2642 3919 2707 3972 et
2748 3913 2813 3972 in
2854 3910 3339 3976 Fladecheim
3382 3913 3638 3974 mansus
3670 3913 3813 3976 ΝΠ.

1017 4009 1078 4064 et
1107 4005 1336 4083 iugera
1366 3999 1632 4061 Lxx.11⁰.
1665 4005 1730 4058 et
1756 3997 1878 4058 has
1900 3996 2096 4058 uillas.
2128 3994 2719 4060 wichrahterod.
2750 3997 3072 4059 Nuwenr
3089 4005 3159 4058 ot
3184 4017 3326 4058 cum
3352 4001 3524 4058 omni
3546 3997 3815 4060 utilitate

1015 4086 1096 4149 ad
1125 4086 1247 4149 has
1266 4089 1645 4167 pertinente.
1675 4083 1847 4144 Duos
1870 4084 2059 4144 etiam
2089 4082 2405 4144 ministros
2448 4080 2632 4142 meos
2664 4099 2927 4160 quorum
2967 4085 3224 4144 nomina
3272 4083 3428 4142 sunt.
3468 4081 3705 4142 Hecil.
3750 4087 3815 4143 et

1011 4171 1299 4232 Ecelin.
1332 4189 1476 4232 cum
1509 4171 1679 4230 omni
1706 4167 2092 4249 possessione
2132 4183 2348 4227 eorum
2389 4163 2569 4226 trado
2613 4164 2911 4227 fratribus
2953 4166 3257 4227 fuldensis
3302 4167 3661 4228 monasterii
3702 4166 3812 4226 sub

1013 4256 1124 4317 tali
1150 4257 1466 4334 pactione.
1499 4262 1566 4315 ut
1597 4256 1659 4314 in
1692 4259 1868 4314 curte
1900 4269 2116 4313 eorum
2148 4253 2382 4330 optimo
2412 4253 2549 4310 iure
2582 4249 2857 4310 seruiant
2887 4251 2984 4310 eis
3022 4250 3258 4333 absque
3300 4251 3701 4329 obpressione
3747 4256 3816 4312 et

1015 4339 1532 4402 contradictione.
1562 4339 1821 4417 Insuper
1850 4336 2141 4398 ancillam
2185 4352 2396 4396 meam
2438 4336 2692 4396 nomine
2735 4337 3096 4396 winizam
3139 4353 3404 4396 uxorem
3446 4334 3819 4396 Geizonis

1013 4445 1156 4488 cum
1187 4423 1406 4506 predic
1436 4425 1546 4484 suo
1575 4425 1640 4485 in
1670 4421 2133 4486 Hewineshu
2148 4422 2276 4482 sen
2307 4439 2389 4483 ea
2418 4419 2598 4480 trado
2628 4419 3023 4482 condicione.
3064 4426 3133 4482 ut
3182 4420 3228 4480 si
3267 4419 3501 4482 liberos
3530 4420 3812 4480 habeant

1157 4685 1478 4804 ¹{liz-isterius
1501 4683 1620 4747 58⁶,
1645 4683 1688 4735 1.
1711 4683 1982 4734 schannat
2004 4683 2098 4732 hat
2122 4695 2223 4732 aua
2247 4681 2428 4732 dieser
2440 4681 2691 4732 Urkunde
2710 4693 2765 4731 u.
2786 4693 2905 4744 cap.
2930 4679 2994 4730 64
3020 4679 3136 4732 eine
3146 4680 3399 4731 Urkunde
3422 4683 3579 4728 anter
3598 4676 3666 4726 Νι·
3702 4675 3795 4725 591

1011 4767 1200 4818 gemae
