4821 5976
1096 810 1231 875 142
1390 872 1398 879 ,
2372 810 2528 890 Cap.
2563 810 2666 871 64.

952 1026 969 1033 -
1040 966 1053 981 ’
1096 980 1487 1045 kenstein.
1526 975 1991 1043 Adelbertus
2015 985 2079 1039 et
2108 977 2546 1041 Fridericus
2568 977 2650 1040 de
2681 976 3276 1059 Trubentingen.
3309 978 3610 1061 Wicger
3647 935 3728 1043 de
3757 984 3898 1043 Ro-

1096 1066 1434 1131 debusen
1466 1072 1531 1127 et
1559 1066 1757 1129 frater
1785 1066 1931 1126 eius
1958 1063 2448 1126 Burchardus
2469 1064 2550 1127 de
2572 1062 3002 1125 Leimbach.

1272 1400 1409 1463 Hec
1434 1394 1491 1475 ¹)
1530 1396 1669 1459 sunt
1712 1394 1905 1457 seoda
1944 1414 2071 1476 que
2101 1396 2564 1459 Ludewieus
2605 1413 2828 1459 eomes
2857 1394 2939 1459 de
2971 1392 3320 1477 Otlngen.
3363 1400 3538 1456 tenet
3578 1394 3658 1457 ab
3689 1399 3904 1458 eccle-

1046 1502 1057 1511 ·
1100 1485 1190 1549 sia
1221 1483 1489 1546 fuldensi
1519 1482 1818 1545 uidelicet
1847 1480 2060 1543 uillam
2090 1482 2538 1563 Keisingen.
2569 1488 2636 1542 et
2665 1482 2876 1543 uillam
2907 1481 3408 1543 Hellenstein.
3439 1487 3505 1542 et
3547 1480 3760 1543 uillam
3805 1480 3902 1545 di·-

1097 1577 1264 1637 ctam
1296 1566 1735 1649 thiningen.
1768 1571 1833 1631 et
1863 1566 2053 1629 aliam
2084 1566 2295 1629 uillam
2324 1567 2562 1631 dictam
2590 1566 2877 1629 Hohun.

1512 1904 1735 1986 (159⁵)
1775 1906 1901 1979 64.
1938 1906 2043 1979 De
2082 1902 2448 1981 oblatione
2483 1902 2780 1979 flatrum
2813 1905 2884 1979 in
2923 1842 3484 1985 TutenlmsenD.

1265 2110 1567 2173 N'ouerint
1604 2110 1717 2190 xpi
1748 2110 1994 2173 fideles.
2036 2117 2167 2172 tam
2220 2110 2409 2172 futuri
2452 2128 2639 2191 quam
2685 2108 3014 2191 presentes
3058 2110 3328 2192 quallter
3372 2108 3625 2194 quidam
3675 2112 3905 2175 nobilis

1096 2200 1396 2278 princeps
1428 2197 1510 2259 de
1542 2198 1865 2257 saxonia
1886 2198 2094 2279 regali
2124 2198 2311 2277 stirpe
2348 2198 2746 2279 progenitus.
2787 2196 3067 2257 Hertac
3111 2200 3388 2259 nomine.
3429 2196 3642 2259 diuino
3681 2214 3898 2258 amore

1097 2284 1459 2344 succensus.
1492 2290 1558 2343 et
1586 2281 1893 2343 desiderio
1940 2283 2190 2343 celestis
2208 2286 2414 2361 patrie
2446 2286 2863 2360 compunctus
2910 2300 3054 2342 cum
3083 2282 3328 2343 uideret
3373 2300 3562 2363 quam
3593 2282 3897 2362 plurimos

1098 2368 1325 2429 fideles
1357 2367 1437 2427 ad
1468 2366 1912 2427 monasterium
1943 2370 2042 2427 sci
2072 2368 2426 2427 saluatoris
2451 2366 2620 2445 quod
2651 2365 3070 2426 constructum
3101 2370 3291 2427 estin
3316 2366 3558 2427 honore
3591 2370 3688 2426 sci
3713 2366 3902 2427 Boni·

1088 2454 1241 2515 facii
1264 2450 1719 2529 archiepiscopi
1744 2457 1807 2510 et
1827 2452 2099 2511 martiris
2126 2450 2299 2511 fulde
2332 2450 2655 2511 confluere
2695 2456 2760 2509 et
2794 2456 3016 2510 eterne
3052 2454 3186 2511 vite
3221 2450 3526 2535 suffragia
3566 2452 3646 2512 ab
3670 2451 3898 2513 eodem

1087 2537 1443 2599 beatissimo
1474 2539 1727 2595 martire
1758 2534 2125 2614 deposcere.
2159 2536 2482 2613 cogitabat
2512 2536 2678 2593 intra
2707 2536 2774 2592 se
2805 2534 3122 2610 quomodo
3169 2543 3234 2594 et
3271 2536 3406 2613 ipse
3447 2536 3526 2594 de
3559 2537 3744 2595 bonis
3780 2536 3905 2597 suis

1089 2624 1361 2682 terrenis
1394 2622 1624 2699 quibus
1657 2638 1742 2677 ex
1774 2620 1957 2697 larga
1997 2617 2099 2677 dei
2138 2618 2574 2677 beniuolentia
2610 2615 3206 2695 superhabundabat
3233 2620 3756 2697 preciosissimum
3785 2620 3898 2700 xpi

1088 2709 1409 2767 martirem
1424 2702 1815 2762 Bonifacium
1832 2703 2133 2780 placaret.
2160 2708 2226 2761 ut
2248 2701 2446 2780 ipsum
2470 2700 2638 2780 apud
2668 2701 3006 2763 districtum
3030 2702 3303 2765 iudicem
3329 2711 3682 2783 promptum
3695 2708 3898 2765 inter·

1094 2790 1405 2860 cessorem
1443 2788 1683 2849 habere
1724 2788 1947 2888 posset.
1996 2787 2279 2867 Cumque
2309 2787 2435 2848 hac
2473 2786 2929 2849 deliberatione
2963 2790 3240 2849 animum
3279 2789 3456 2849 suum
3493 2792 3560 2850 in
3590 2790 3898 2855 bonorum

1092 2874 1435 2937 affectuum
1466 2872 1775 2933 desiderio
1806 2876 1869 2933 in
1912 2878 2041 2933 tam
2072 2874 2241 2934 bono
2270 2873 2584 2952 proposito
2625 2872 3170 2935 circumflecteret.
3214 2875 3376 2937 misit
3418 2874 3582 2937 deus
3621 2878 3688 2935 in
3717 2892 3898 2936 men·

1087 2968 1219 3023 tem
1250 2948 1541 3022 eiua'dem
1571 2956 1824 3040 gloriosi
1856 2960 2159 3038 principis
2192 2965 2261 3020 ut
2292 2976 2379 3019 ex
2407 2958 2605 3020 diuite
2645 2976 2816 3020 uena
2853 2958 3224 3022 facultatum
3269 2962 3520 3021 suarum
3559 2961 3897 3022 uenerabi-

1090 3049 1214 3108 lem
1258 3052 1641 3108 conuentum
1690 3042 2069 3105 fuldensium
2102 3043 2361 3104 fratrum
2403 3044 2632 3104 oblatis
2667 3047 3060 3122 patrimoniis
3091 3046 3220 3106 suis
3257 3044 3502 3107 ditaret.
3537 3053 3602 3107 et
3646 3046 3725 3106 ob
3771 3044 3896 3107 hoc

1089 3132 1449 3212 specialiter
1493 3128 1573 3192 ad
1612 3129 1925 3209 prefatum
1960 3131 2407 3193 monasterium
2449 3127 2849 3192 deuotissima
2891 3129 3060 3192 dona
3105 3129 3446 3194 conferret.
3491 3137 3560 3193 ut
3605 3133 3670 3196 in
3717 3131 3896 3192 usum

1089 3218 1349 3279 fratrum
1379 3215 1500 3276 deo
1544 3216 1697 3278 inibi
1750 3215 2183 3278 famulantium
2223 3232 2336 3294 pro
2384 3221 2608 3274 eterna
2638 3217 2782 3280 eius
2823 3219 3423 3280 commemoratione
3458 3215 3892 3281 succederent.

1088 3303 1161 3364 Et
1212 3305 1363 3382 quia
1412 3301 1491 3362 de
1536 3319 1695 3379 pura
1744 3300 1911 3362 bone
1962 3300 2307 3360 uoluntatis
2350 3301 2742 3361 conscientia
2792 3299 2912 3361 deo
2957 3299 3236 3364 donante
3288 3301 3435 3364 fons
3472 3301 3586 3364 iste
3631 3304 3892 3380 pietatis

1090 3388 1351 3450 ebullire
1383 3391 1572 3470 cepit.
1613 3386 1799 3463 (160⁸
1802 3386 1833 3463 )
1874 3385 2141 3446 estuanti
2172 3390 2432 3464 pectore
2455 3401 2586 3446 non
2618 3386 2879 3465 quieuit.
2912 3385 3118 3448 donec
3149 3385 3316 3465 quod
3340 3389 3446 3465 pie
3471 3389 3781 3470 cogitauit
3813 3387 3894 3454 ad

1090 3473 1385 3534 effectum
1443 3472 1610 3532 bone
1658 3470 2047 3549 operationis
2092 3467 2405 3548 perduxit.
2451 3468 2789 3549 Regnabat
2835 3475 2986 3532 tunc
3025 3471 3328 3549 temporis
3358 3473 3505 3550 pius
3551 3474 3894 3552 imperator

1091 3558 1257 3621 Otto
1291 3556 1529 3616 Rufus
1561 3557 1780 3636 magni
1810 3555 2208 3634 imperatoris
2233 3553 2480 3614 ottonis
2520 3553 2710 3616 filius.
2753 3553 2952 3628 Quem
2993 3553 3220 3616 adiens
3266 3555 3556 3634 prefatus
3595 3558 3891 3635 princeps

1088 3643 1394 3704 indicauit
1421 3647 1618 3701 totum
1648 3637 2023 3701 desiderium
2052 3643 2120 3702 in
2148 3638 2275 3699 hoc
2303 3639 2461 3702 esse.
2491 3644 2560 3698 ut
2589 3637 2669 3699 de
2697 3639 2884 3703 bonis
2899 3638 3026 3701 suis
3053 3639 3482 3704 uenerabilem
3513 3638 3890 3706 fuldensium

1088 3727 1347 3787 fratrum
1378 3730 1761 3786 conuentum
1792 3723 2037 3788 ditaret.
2072 3730 2391 3806 quatenus
2425 3741 2644 3784 eorum
2685 3725 3076 3788 orationibus
3117 3721 3368 3786 adiutus
3399 3721 3655 3785 domino
3684 3723 3892 3788 salua-

1090 3813 1209 3873 tori
1235 3811 1411 3870 ihesu
1443 3809 1669 3872 christo
1714 3816 1778 3870 et
1814 3809 2283 3890 preciosissimo
2311 3811 2456 3869 eius
2499 3811 2738 3870 martiri
2779 3808 3105 3872 Bonifacio
3151 3812 3580 3890 propinguare
3621 3810 3888 3876 ualeret.

1090 3896 1286 3957 Cuius
1318 3894 1695 3969 desiderium
1723 3897 2063 3974 imperator
2093 3895 2365 3954 audiens
2404 3893 2702 3957 laudabat
2747 3901 2812 3956 et
2839 3895 3238 3978 glorificabat
3267 3893 3454 3958 deum
3488 3901 3550 3954 et
3579 3895 3890 3963 sanctissi-

1087 4000 1257 4042 mum
1282 3983 1424 4040 eius
1458 3983 1775 4043 martirem
1803 3979 2216 4042 Bonifacium.
2247 3981 2538 4059 misitque
2569 3999 2711 4043 cum
2742 3997 2822 4040 eo
2853 3981 3203 4063 legatarios
3230 3980 3374 4042 suos
3392 3986 3457 4040 ut
3479 3987 3694 4044 uotum
3719 3977 3890 4064 quod

1090 4073 1356 4128 uouerat
1400 4065 1521 4128 deo
1563 4065 1831 4126 fideliter
1874 4064 2251 4128 exsolueret.
2282 4064 2562 4128 Veniens
2595 4083 2754 4147 ergo
2799 4083 2944 4128 cum
2983 4064 3233 4127 nunciis
3254 4066 3651 4148 imperatoris
3676 4065 3758 4128 ad
3787 4067 3888 4129 soi

1092 4149 1399 4215 Bonisacii
1442 4150 1725 4214 fuldense
1756 4151 2201 4212 monasterium
2230 4155 2561 4232 gratanter
2601 4168 2642 4211 a
2669 4150 2924 4212 domino
2955 4149 3416 4213 Werenhero
3450 4150 3678 4213 abbate
3710 4156 3774 4212 et
3807 4149 3886 4216 ab

1092 4239 1262 4297 omni
1292 4239 1802 4318 congregatione
1832 4237 2155 4316 susceptus
2189 4243 2308 4298 est.
2340 4235 2816 4318 perductusque
2857 4232 2938 4297 ad
2969 4235 3167 4297 altare
3209 4238 3307 4296 sci
3333 4235 3644 4298 Bonifacii
3673 4237 3889 4298 marti-

1091 4325 1177 4383 ris
1212 4321 1427 4381 obtulit
1459 4321 1577 4380 deo
1612 4328 1674 4381 et
1702 4323 2148 4401 preciosissimo
2190 4323 2424 4383 martiri
2468 4325 2608 4381 eius
2641 4319 2967 4382 Bonisacio
3000 4321 3185 4382 uillas
3217 4319 3379 4381 (luas
3413 4318 3786 4382 Ottenhus
3793 4337 3886 4380 en

1091 4415 1157 4469 et
1185 4406 1672 4470 Tutenhusen
1703 4425 1846 4468 cum
1888 4408 2180 4472 omnibus
2214 4406 2608 4492 appendiciis
2641 4413 2708 4468 et
2745 4406 3116 4472 utilitatibus
3163 4405 3288 4468 suis
3315 4423 3532 4468 coram
3560 4403 3891 4486 legatariis

1234 4652 1283 4717 Ι)
1315 4653 1471 4703 Diese
1494 4654 1664 4702 kurze
1690 4652 1840 4702 NotIz
1874 4653 1947 4700 ist
1980 4665 2089 4700 von
2122 4655 2370 4714 spaterer
2401 4627 2552 4702 fiand
2587 4655 2682 4702 des
2719 4652 3060 4702 drelzehnten
3093 4653 3479 4704 Jabrhunderts
3514 4650 3880 4750 elegen-agen,

1093 4723 1162 4771 da
1185 4724 1285 4772 auf
1304 4722 1553 4772 sol.15·t¹³
1577 4723 1757 4772 leerer
1780 4721 1947 4771 Raum
1970 4721 2255 4786 gehlieben
2278 4733 2412 4771 war.
2451 4719 2504 4786 θ)
2533 4722 2759 4772 Schann.
2787 4721 2966 4772 tradit.
2995 4721 3112 4770 591.
