4821 5976
955 885 965 890 -
1087 845 1210 906 1⁶2
1587 807 1594 814 Π
2229 835 2380 916 Cap.
2432 837 2490 896 2.
2524 835 2583 898 3.

1084 1014 1262 1074 Tuto.
1302 1011 1597 1072 Albuuin.
1639 1009 1991 1070 Gisalhelm.
2035 1007 2370 1067 Adaluuin.
2412 1005 2571 1068 Offo.
2617 1007 2824 1086 Agoz.
2866 1007 3222 1069 Ruommar.
3262 1009 3573 1070 Hiltiman.
3614 1008 3877 1070 Haicho.

1083 1098 1289 1161 Nordi.
1323 1095 1662 1156 starcheri.
1693 1093 1988 1154 Thiotrih.
2019 1092 2213 1152 Harit.
2245 1091 2545 1152 Gotafrid.
2600 1091 2741 1169 (Sp.
2774 1093 2847 1169 2)
2896 1093 3092 1154 hutto.
3136 1093 3514 1174 meginhart.
3558 1092 3877 1175 helmgoz.
3936 1077 3957 1097 ⁴

1083 1181 1441 1244 thiotbraht.
1473 1182 1694 1260 hoger.
1725 1177 2060 1238 ermbraht.
2091 1178 2400 1237 ruotboto.
2432 1171 2753 1238 lantvcho.
2788 1187 3035 1258 antger.
3068 1179 3195 1238 aso.
3225 1185 3537 1259 germunt.
3569 1178 3876 1257 helphrih.

1083 1269 1262 1329 Voto.
1297 1264 1670 1346 engilhraht.
1703 1262 1968 1344 gerhoh.
2002 1262 2207 1332 sarols.
2241 1269 2487 1342 antger.
2520 1261 2814 1322 batucho.
2846 1263 3156 1344 himilger.
3196 1263 3511 1324 liutbraht.
3543 1262 3876 1342 gundheri.
3940 1293 3947 1310 ·

1085 1351 1324 1434 egilolf.
1369 1349 1608 1412 Uualto.
1649 1349 1970 1408 brunhart.
2017 1347 2273 1407 kristan.
2318 1346 2653 1406 hiltibraht.
2701 1348 2869 1407 boto.
2918 1348 3207 1428 egilhart.
3258 1348 3575 1408 adaluuin.
3618 1349 3875 1409 albarat.

1003 1433 1010 1439 ’
1083 1441 1430 1518 grinuuart.
1451 1433 1772 1494 thietbald.
1785 1432 2134 1493 heidanrih.
2151 1430 2430 1512 sigihart.
2450 1429 2706 1492 ascholf.
2739 1433 2968 1492 ernust.
2987 1432 3317 1514 egilhraht.
3337 1433 3631 1493 rihbraht.
3656 1432 3878 1494 herolt.

1085 1519 1336 1585 adalolt.
1366 1518 1664 1579 ruodirih.
1698 1519 1894 1578 barto.
1926 1516 2210 1578 folchart.
2243 1517 2514 1597 sibigelt.
2544 1516 2894 1578 thiommar.
2935 1517 3306 1578 berehthun.
3347 1517 3727 1578 berehtraht.
3762 1518 3881 1578 Vo-

1083 1605 1302 1666 dalrih.
1343 1605 1486 1684 (Sp.
1505 1603 1579 1681 3)
1620 1602 1935 1682 thrutgoz.
1968 1600 2288 1682 gerbraht.
2321 1600 2649 1661 folcbraht.
2679 1600 2951 1662 thietrih.
2976 1602 3396 1682 meginbraht.
3429 1603 3731 1664 adalhart.
3755 1602 3885 1662 rih-

1082 1690 1282 1750 braht.
1313 1689 1562 1750 Eberin.
1594 1685 1946 1747 thiotbraht.
1993 1687 2222 1766 rihtag.
2257 1685 2640 1746 uuerinheri.
2682 1687 2977 1747 rathraht.
3038 1688 3257 1768 elting.
3302 1687 3603 1748 adalheri.
3650 1687 3879 1748 herrih.

1080 1775 1408 1837 hadamar.
1439 1773 1714 1834 friderat.
1737 1770 1987 1832 adalolt.
2005 1771 2340 1852 gundheri.
2359 1770 2639 1851 sigihart.
2670 1770 2993 1831 starcheri.
3012 1773 3338 1853 uuigboto.
3362 1771 3628 1833 einhart.
3646 1774 3879 1834 cunolt.

1083 1859 1404 1942 gerbraht.
1429 1857 1640 1919 arfrid.
1673 1856 2036 1937 engilhelm.
2068 1855 2336 1936 foleger.
2367 1855 2711 1916 heriuuart.
2751 1857 2976 1938 gerolt.
3018 1857 3281 1938 svitger.
3322 1857 3508 1918 errih.
3546 1857 3884 1920 marcheri.

1082 1944 1401 2027 gerbraht.
1448 1941 1767 2022 amalung.
1813 1941 2078 2022 foleger.
2135 1939 2276 2016 (fol.
2323 1938 2388 1998 3⁶
2432 1941 2499 2001 S.
2539 1940 2607 2018 1)
2654 1941 2863 2002 Hatto.
2908 1940 3207 2003 Rvodrat.
3246 1942 3548 2003 Moricho.
3584 1943 3881 2024 Hagano.

1081 2029 1353 2092 Bernolt.
1384 2027 1620 2088 Sarrat.
1647 2025 1836 2086 Brun.
1867 2025 2152 2086 lsanleib.
2186 2023 2464 2085 Othraht.
2495 2025 2791 2086 Thiotrih.
2821 2026 3145 2088 Adalhart.
3176 2026 3501 2088 Starcfrid.
3530 2027 3881 2088 Hiltibraht.

1081 2115 1386 2176 Folcmar.
1413 2111 1726 2174 Rihmunt.
1757 2112 2075 2172 Heriman.
2101 2109 2443 2171 Godebald.
2472 2110 2827 2171 Theotmar.
2855 2111 3127 2192 Albung.
3158 2111 3508 2193 Berenger.
3537 2112 3883 2176 Uualtheri.

1081 2199 1443 2260 Ruotbraht.
1481 2196 1832 2259 Eberhelm.
1876 2195 2224 2276 uuignand.
2261 2195 2499 2256 Ernost.
2540 2196 2839 2256 Amalrih.
2878 2196 3199 2256 Helmfrid.
3232 2196 3582 2258 Gundalah.
3626 2197 3881 2260 Folcolt.

1081 2285 1336 2346 kristan.
1387 2281 1696 2345 Rvolleih.
1743 2281 2017 2362 Sigerih.
2077 2280 2425 2342 adalbraht.
2468 2281 2837 2363 uuihching.
2884 2281 3221 2343 Gundheri.
3260 2281 3557 2343 hiltibald.
3604 2282 3886 2346 Emicho.

1083 2368 1477 2433 Uueribraht.
1518 2367 1661 2445 (Sp.
1693 2367 1768 2443 2)
1806 2366 2187 2427 Hadebrant.
2221 2365 2568 2427 Gundalah.
2602 2365 2905 2428 Friderih.
2937 2367 3180 2427 Thioto.
3211 2367 3473 2428 Haicho.
3504 2367 3885 2430 Berahtleib.

1083 2453 1388 2536 sigibald.
1437 2451 1795 2532 Uuignand.
1840 2451 2186 2512 Hiltibraht.
2227 2450 2533 2512 Aschirih.
2578 2451 2899 2513 Karlman.
2944 2453 3169 2512 Alholt.
3219 2452 3449 2514 Ascolt.
3494 2452 3887 2534 Engilbraht.

1084 2540 1406 2601 Gerbraht.
1437 2537 1708 2604 Adalolf.
1739 2537 2003 2598 Uuoluo.
2051 2537 2392 2617 sigibrant.
2439 2537 2875 2616 Meginuuarc.
2922 2536 3296 2596 Suuabheri.
3336 2536 3682 2597 Hahuuart.
3714 2538 3885 2618 Egil-

1081 2626 1281 2686 braht.
1311 2625 1506 2685 Harit.
1536 2622 1842 2682 Rihhelm.
1866 2621 2216 2681 Thiotuual.
2239 2620 2515 2680 Einhart.
2540 2620 2917 2680 Amalbraht.
2939 2620 3250 2682 Alhnand.
3275 2621 3885 2684 Rvotbraht.1rmin-

1081 2711 1240 2770 hart.
1273 2710 1570 2770 Geruuin.
1601 2707 1918 2794 Friderih3
1929 2707 2252 2768 Hartman.
2282 2723 2612 2768 uuarman.
2635 2704 2936 2788 Adalger.
2964 2707 3106 2785 (Sp.
3124 2705 3198 2784 3)
3229 2706 3529 2786 Adalger.
3554 2706 3883 2769 Geruuart.

1081 2795 1380 2876 Adalger.
1411 2792 1671 2874 Magolf.
1701 2791 2084 2854 Thiotbraht.
2115 2791 2443 2852 ermenolt.
2476 2791 2758 2852 Gerhart.
2790 2789 3159 2854 Rvombald.
3190 2791 3543 2854 Starcman.
3836 2787 3841 2792 ’

1255 3100 1399 3179 (fol.
1431 3105 1528 3180 4⁸)
1571 3100 1630 3163 3.
1662 3104 1847 3163 Anno
1869 3097 1925 3180 ¹)
1966 3100 2204 3163 domini
2231 3098 2609 3162 DCCXLHII.
2651 3098 2890 3179 primus
2926 3105 3110 3179 pater
3151 3106 3214 3160 et
3252 3096 3547 3161 fundator
3590 3096 3891 3161 fuldensis

1078 3190 1392 3251 coenobii.
1425 3188 1558 3269 Sty
1572 3192 1723 3251 rmi.
1756 3208 1870 3266 per
1901 3186 2106 3249 annos
2128 3184 2370 3247 xxxv1.
2404 3184 2679 3247 eundem
2701 3186 2909 3247 locum
2933 3183 3273 3264 prudenter
3305 3188 3541 3247 euexit.
3576 3182 3691 3259 Qui
3716 3182 3885 3263 apud

1075 3274 1491 3355 pibpinum.
1525 3268 2155 3348 otmuntesstat.¹)
2206 3269 2375 3351 apud
2412 3270 2757 3331 karolum
2802 3270 3385 3353 hamulumburg
3420 3266 3480 3349 ³)
3530 3269 3883 3350 adquisiuit.

1075 3358 1183 3421 sed
1215 3370 1279 3420 et
1308 3365 1470 3422 inter
1501 3360 1626 3419 alia
1655 3360 1850 3419 multa
1879 3358 2074 3417 utilia.
2105 3362 2352 3433 partem
2390 3354 2665 3415 fluminis
2688 3354 2861 3416 fulde
2891 3356 3271 3416 monasterio
3308 3374 3427 3435 per
3458 3354 3883 3435 aqueductum

1075 3446 1438 3508 introduxit.
1472 3450 1645 3504 tante
1685 3442 1981 3503 utilitatis.
2013 3447 2081 3499 ut
2127 3440 2236 3499 uix
2267 3439 2485 3499 uerbis
2518 3438 2825 3519 explicari
2856 3447 3069 3518 queat.
3101 3442 3207 3519 qui
3236 3458 3352 3519 per
3382 3442 3597 3501 omnia
3627 3440 3795 3501 utilis
3819 3446 3885 3501 et

1072 3530 1408 3593 laudabilis
1433 3526 1578 3589 ‚xv1
1609 3526 1734 3587 kal.
1765 3528 1894 3585 ian.
1926 3525 2026 3585 ob.
2047 3588 2062 3600 ‚
2690 3584 2695 3587 ,
3116 3589 3123 3600 ,
3597 3534 3607 3541 ·

1247 3612 1397 3676 Bau
1409 3610 1589 3695 golf.
1637 3610 1835 3672 abbas
1871 3605 2185 3671 secundus
2221 3604 2501 3669 eiusdem
2555 3606 2676 3667 loci
2726 3607 3019 3689 regimen
3064 3607 3351 3685 suscepit.
3414 3604 3531 3680 Qui
3577 3625 3881 3689 magnum

1073 3698 1416 3775 karolum
1458 3696 1838 3757 monasterio
1884 3700 2180 3757 uocatum
2223 3690 2619 3770 susceptione
2669 3700 2734 3753 et
2784 3690 2930 3753 dato
2986 3690 3342 3753 honorauit.
3403 3698 3465 3751 et
3521 3690 3689 3772 apud
3733 3711 3879 3755 eum

1076 3782 1319 3845 achaz
1350 3779 1409 3861 ⁴)
1449 3782 1662 3843 uillam
1709 3790 1771 3843 et
1808 3776 2244 3843 dinenheim
2280 3772 2339 3854 ⁵)
2389 3774 2740 3859 adquisiuit.
2783 3776 3102 3838 Orientale
3153 3778 3345 3839 etiam
3380 3774 3533 3838 illud
3578 3778 3881 3857 templum

1075 3866 1403 3928 mirificum
1430 3868 1762 3927 artificiose
1794 3865 2213 3927 constructum
2244 3861 2442 3924 studio
2475 3863 2827 3943 ratgeres
2850 3862 3245 3923 strenuissimi
3276 3865 3395 3923 uiri
3424 3860 3880 3929 honorabiliter

1075 3956 1373 4014 extruxit.
1420 3952 1542 4012 Per
1581 3953 1786 4012 annos
1807 3954 2001 4033 igitur
2033 3950 2216 4011 .XXV.
2263 3947 2429 4009 idem
2470 3950 2848 4009 coenobium
2892 3948 3179 4009 nobiliter
3221 3956 3610 4027 prouectum.
3657 3968 3877 4010 mona-

1073 4039 1386 4099 steriolum
1418 4036 1586 4118 quod
1618 4058 1703 4097 ex
1735 4039 1842 4099 suo
1873 4039 2129 4097 nomine
2160 4035 2504 4096 construxit
2533 4038 2831 4113 perrexit.
2865 4033 2993 4097 vm
3023 4032 3105 4094 id.
3136 4036 3265 4094 iun.
3300 4034 3399 4094 ob.

1245 4125 1508 4185 Tercius
1531 4124 1732 4185 abbas
1758 4128 2018 4205 ratger
2049 4120 2302 4199 sapiens
2318 4118 2703 4181 architectus
2720 4118 3112 4181 occidentale
3134 4119 3432 4197 templum
3456 4121 3583 4180 iam
3609 4128 3877 4199 accepta

1065 4210 1398 4288 potestate.
1413 4214 1573 4270 mira
1591 4218 1724 4270 arte
1752 4216 1815 4270 et
1839 4207 2142 4269 immensa
2156 4204 2593 4288 magnitudine
2616 4205 2795 4266 alteri
2815 4205 3125 4284 copulans
3136 4222 3327 4264 unam
3348 4203 3496 4264 fecit
3520 4204 3874 4266 ecclesiam.

1071 4296 1160 4355 Eo
1203 4312 1458 4375 quoqne
1490 4302 1770 4374 tempore
1799 4294 2232 4354 hrabanum.
2265 4296 2331 4351 et
2359 4290 2626 4367 hatton
2668 4291 2967 4351 turonis
3004 4290 3232 4350 direxit
3263 4288 3343 4349 ad
3376 4289 3711 4350 albinum
3744 4309 3876 4351 ma-

1071 4382 1329 4463 gistrum
1347 4378 1645 4441 liberales
1659 4380 1938 4442 discendi
1962 4382 2169 4461 gratia
2197 4378 2378 4438 artes.
2412 4378 2706 4443 brunan
2737 4376 2817 4437 ad
2850 4375 3119 4435 einhar
3138 4382 3276 4435 tum
3298 4378 3617 4435 uariarum
3638 4380 3873 4436 artium

1070 4468 1390 4529 doctorem
1415 4458 1866 4548 peritissimum.
1900 4464 2308 4525 modestum
2341 4478 2486 4523 cum
2510 4463 2653 4523 aliis
2677 4462 2757 4524 ad
2788 4462 3239 4522 clementem
3274 4463 3532 4522 scottum
3556 4476 3873 4542 gramma·-

1214 4678 1260 4743 ¹)
1290 4681 1346 4728 V.
1374 4682 1494 4731 cod.
1519 4678 1737 4740 probat.
1763 4677 1800 4725 1.
1830 4674 1882 4739 ἲ)
1913 4676 2062 4725 Wird
2083 4675 2136 4723 in
2163 4677 2267 4725 den
2295 4674 2617 4725 traditiones
2641 4674 2787 4723 nicht
2810 4675 3068 4725 erwfibnt.
3099 4670 3153 4738 ⁸)
3180 4674 3381 4725 Tradit.
3408 4685 3498 4722 no.
3522 4670 3605 4721 51.
3644 4669 3695 4735 ⁴)
3724 4670 3871 4723 Wird

1067 4748 1120 4797 in
1149 4752 1250 4799 den
1275 4750 1597 4802 traditiones
1623 4746 1763 4797 auch
1785 4745 1932 4795 nicht
1957 4744 2214 4796 erwahnt.
2258 4741 2308 4807 ι)
2337 4744 2541 4795 Tradit.
2564 4756 2653 4793 no.
2681 4742 2764 4791 90.
