4821 5976
1108 761 1196 828 οι
1970 791 1975 796 -
2166 723 2179 732 ’
2270 729 2702 868 052333341:
2767 697 2778 718 ’

972 935 983 952 “
1116 971 1225 1051 (Π,
1260 949 1397 1052 12¹³)
1465 971 1589 1046 33.
1638 967 1915 1044 Relatio
1979 934 2372 1072 priscorum
2419 966 2772 1047 hominum
2815 921 2904 1044 dc
2949 968 3347 1044 tradicione
3395 969 3680 1072 (Karoh’
3713 973 3912 1074 regis

1316 1074 1405 1149 de
1440 1071 1859 1175 vargalaha)
1903 1071 2004 1212 1)ἰ

1050 1338 1055 1352 ¹
1276 1265 1506 1327 Ferunt
1543 1265 1787 1344 priseae
1829 1264 2059 1326 aetatis
2094 1263 2397 1326 homines.
2444 1262 2612 1346 quod
2653 1261 3028 1345 Pippin'us
3058 1283 3175 1326 rex
3205 1266 3445 1327 caroli
3486 1267 3664 1330 istius
3695 1275 3896 1348 pater.

1107 1351 1445 1427 dum-esset
1472 1354 1534 1411 in
1567 1349 1794 1412 eadem
1824 1357 2021 1412 curte.
2054 1369 2183 1412 una
2212 1369 2354 1412 eum
2385 1368 2502 1413 seo
2533 1349 2958 1413 Bonifacio.
3013 1349 3228 1413 diuina
3265 1353 3658 1416 reuelatione
3679 1359 3902 1435 preui-

1108 1439 1197 1502 dit
1236 1436 1666 1500 sanctissimus
1713 1436 2019 1518 pontifex.
2072 1437 2238 1519 quod
2278 1456 2365 1499 ex
2416 1437 2664 1517 prefato
2716 1455 2875 1520 rege
2915 1441 3234 1518 pippino
3283 1457 3365 1500 ea
3407 1448 3597 1503 nocte
3642 1444 3895 1522 concipi

1024 1563 1039 1580 .
1106 1523 1415 1586 debuisset
1452 1542 1630 1603 puer.
1664 1527 1771 1604 qui
1812 1525 2005 1584 totius
2047 1527 2233 1606 regni
2260 1524 2695 1586 monarchiam
2724 1523 3116 1605 possessurus
3147 1532 3214 1586 et
3241 1527 3465 1588 omnes
3488 1529 3794 1590 erroneos
3816 1530 3897 1590 ab

955 1611 963 1618 '
1105 1609 1377 1672 ecclesia
1417 1610 1579 1671 esset
1617 1609 2008 1690 depulsurus.
2078 1610 2253 1672 Vnde
2298 1617 2490 1672 natus
2545 1629 2666 1672 rex
2709 1611 2982 1675 eandem
3026 1618 3256 1673 terram
3309 1609 3745 1694 conceptionis
3786 1615 3895 1676 sue

1102 1696 1280 1760 dedit
1325 1715 1441 1759 sco
1494 1696 1840 1759 Bonifacio.
1901 1696 2271 1759 Mousti-atur
2320 1696 2528 1760 adhuc
2571 1698 2755 1762 locus
2805 1696 3168 1760 molendini.
3224 1699 3331 1762 ubi
3377 1700 3698 1762 carolus
3743 1719 3896 1763 con-

1104 1790 1331 1865 ceptus
1364 1784 1472 1845 est.

1510 1968 1687 2106 (56⁸)
1732 2027 1855 2102 34.
1895 2025 2369 2103 Tradiciones
2388 2023 2845 2163 uectigalium
2881 2026 2972 2101 de
3009 2026 3354 2126 Turingia
3383 1997 3478 2114 Ἰ).

1272 2234 1668 2299 Traditiones
1706 2234 2089 2298 chunradi
2132 2239 2219 2318 pii
2248 2237 2425 2318 regis
2457 2239 2566 2317 qui
2596 2235 2931 2316 requiescit
2967 2239 3031 2296 in
3075 2235 3766 2302 fuldenl'i'monasterio
3811 2240 3892 2304 de

1100 2317 1480 2404 quibusdam
1517 2323 1678 2383 locis
1710 2320 1863 2382 Thu
1877 2325 2129 2404 ringie
2176 2321 2324 2402 quid
2376 2322 2621 2382 soluant
2665 2329 2730 2382 et
2779 2319 3084 2382 solutione
3144 2324 3375 2384 census
3413 2329 3890 2406 mancipiorum.

1040 2441 1075 2480 0
1099 2409 1176 2469 In
1198 2407 1683 2470 hetenhusen
1712 2407 1957 2469 soluant
1984 2409 2301 2486 mancipia
2331 2412 2672 2488 antequam
2702 2407 2942 2468 nubant
2964 2407 3222 2469 censum
3249 2401 3892 2476 intraXXX'annorum

1102 2495 1401 2576 spacium.
1432 2497 1540 2576 qui
1558 2495 1791 2557 census
1820 2493 2167 2576 uulgariter
2189 2495 2610 2554 boitemunt
2637 2501 3053 2573 nuncupatur.
3085 2501 3150 2554 et
3173 2495 3265 2556 est
3291 2497 3594 2557 numerus
3609 2502 3892 2582 quinque

1104 2579 1437 2644 solidorum
1476 2582 1582 2642 uel
1622 2583 1921 2661 optimam
1958 2577 2205 2642 uestem
2238 2582 2401 2641 eius.
2452 2579 2522 2640 In
2563 2578 3368 2645 franchwarteshusen
3397 2582 3714 2647 similiter.
3755 2585 3892 2648 Ze·-

1100 2667 1309 2730 mofu
1325 2675 1438 2731 rte
1467 2673 1533 2728 et
1560 2670 1627 2730 in
1656 2665 1935 2729 honide
1964 2663 2214 2728 tradidit
2236 2664 2490 2746 quidam
2519 2665 3113 2746 hadamaruspro
3143 2668 3388 2730 iusticia
3411 2668 3522 2730 sua
3550 2676 3616 2731 et
3645 2672 3894 2734 lucces-

1002 2799 1007 2808 .
1102 2755 1280 2816 sione
1306 2754 1501 2836 prolis
1523 2756 1631 2816 sue
1660 2761 1730 2816 ut
1759 2770 1800 2815 a
1825 2752 2110 2835 predicto
2138 2753 2329 2816 censu
2358 2752 2722 2814 solueretur.
2754 2753 2976 2815 XLIIII.
3012 2756 3242 2838 iugera
3271 2771 3388 2816 sco
3417 2754 3767 2822 Bonifacio.
3817 2757 3893 2821 Et

1098 2843 1169 2904 in
1198 2840 1365 2932 uillilj
1387 2839 1779 2904 felichide.
1824 2838 2241 2924 Honigede.
2275 2841 2435 2900 etin
2463 2838 3038 2924 bolachestete„
3063 2844 3223 2904 etin
3265 2841 3698 2906 bienelebo.
3731 2853 3798 2907 et
3823 2849 3891 2909 in

1100 2927 1366 2990 maere
1396 2927 1761 3011 hessinge.
1796 2933 1859 2988 et
1891 2930 1956 2988 in
1989 2927 2196 2988 alten
2224 2923 2600 3009 heilinge.
2633 2929 2792 2988 etin
2822 2925 3254 2991 sunthusen.
3288 2931 3447 2991 etin
3475 2929 3888 2997 Talaheim.

1100 3022 1167 3077 et
1212 3018 1279 3077 in
1328 3014 1769 3078 borahtride
1811 3014 2086 3076 limiliter
2152 3018 2302 3075 ante
2358 3012 2507 3073 XXX
2571 3014 2777 3075 annos
2825 3013 3069 3075 soluant
3117 3014 3185 3077 se
3227 3022 3569 3098 antequam
3595 3058 3600 3063 -
3627 3020 3886 3085 nubant.

1094 3101 1167 3163 In
1196 3100 1481 3187 gruzin
1520 3101 1771 3183 quidam
1809 3099 2108 3162 Eiltach
2136 3102 2392 3161 nomine
2436 3099 2687 3163 tradidit
2728 3098 2896 3161 infra
2922 3098 3069 3159 XXX
3100 3102 3307 3163 annos
3335 3105 3564 3187 iugera
3591 3105 3887 3173 XXXVIII.

1097 3196 1161 3251 et
1191 3189 1373 3251 soluit
1400 3190 1467 3249 se
1512 3207 1552 3251 a
1577 3189 1787 3251 censu.
1822 3186 2239 3251 Gundewic
2279 3189 2510 3269 iugera
2539 3190 2838 3267 quinque.
2867 3186 3267 3269 Egilbraht
3305 3190 3532 3273 iugera
3575 3191 3744 3254 LXII.
3790 3192 3888 3257 Ad

1022 3268 1029 3283 ⁸
1095 3272 1429 3338 ecclesiam
1457 3274 1712 3359 hagen
1742 3273 1971 3336 tradita
1992 3274 2131 3335 sunt
2158 3275 2385 3355 iugera
2407 3272 2592 3334 .XXX.
2617 3291 2657 3334 a
2686 3271 2958 3355 quodam
2989 3273 3400 3337 Bethtolfo.
3433 3276 3502 3338 In
3527 3277 3888 3342 Stuches·
3948 3279 3988 3290 “’

1092 3360 1297 3425 furte
1318 3362 1667 3444 Eugenia
1691 3359 1942 3423 tradidit
1964 3362 2192 3442 iugera
2214 3358 2333 3421 LII.
2359 3356 2526 3419 infra
2547 3358 2694 3419 XXX
2717 3376 2922 3420 annos
2949 3366 3013 3421 et
3036 3359 3216 3424 soluit
3239 3361 3324 3423 se.
3357 3362 3542 3423 Ditm
3557 3380 3637 3425 ar
3657 3370 3886 3449 iugera

1091 3448 1267 3511 XIIII.
1311 3454 1377 3510 et
1428 3446 1802 3509 wolfheri
1848 3446 1994 3509 CXX
2048 3448 2297 3528 iugera.
2338 3437 2754 3507 Gundewic
2801 3448 3028 3529 iugera
3069 3447 3156 3508 .V.
3203 3446 3605 3529 Egilbraht
3655 3454 3886 3534 iugera

1090 3534 1262 3596 LXII.
1309 3534 1379 3597 ln
1424 3535 1668 3598 tricus
1671 3540 1747 3594 te
1793 3532 1875 3595 ad
1927 3530 2261 3594 ecclessam
2308 3530 2540 3593 tradita
2579 3531 2717 3593 sunt
2765 3533 2992 3614 iugera
3028 3533 3221 3595 LXXI.
3262 3532 3432 3597 infra
3465 3536 3612 3597 XXX
3654 3555 3882 3601 annos.
3977 3564 3989 3571 ·

1091 3620 1328 3683 Richa
1342 3628 1405 3682 rt
1434 3620 1684 3682 tradidit
1706 3622 1933 3701 iugera
1953 3616 2101 3678 XXX
2123 3616 2288 3679 infra
2308 3616 2456 3677 XXX
2480 3635 2706 3680 annos.
2731 3618 2804 3679 Et
2827 3618 2932 3681 alii
2952 3638 3066 3700 pro
3091 3620 3422 3699 sepulturis
3440 3624 3670 3707 iugera
3693 3642 3884 3707 quam

1091 3706 1375 3787 plurima.
1405 3708 1475 3767 In
1500 3706 1709 3767 salza
1723 3705 1766 3766 h
1780 3724 1820 3767 a
1842 3705 1993 3767 Geb
2007 3703 2119 3766 olf
2138 3704 2389 3765 tradidit
2408 3706 2638 3785 iugera
2653 3703 2800 3766 VIII.
2824 3704 2991 3767 infra
3011 3706 3158 3767 XXX
3176 3705 3390 3769 annos.
3422 3708 3492 3770 In
3516 3708 3830 3793 Tung·ed
3844 3731 3883 3774 e

1094 3792 1505 3872 Gumprath
1544 3796 1775 3875 iugera
1812 3793 1995 3869 (57⁸)
2045 3790 2210 3852 XXX.
2243 3792 2407 3853 infra
2430 3790 2576 3851 XXX
2608 3808 2836 3853 annos.
2875 3792 3192 3875 wigger
3228 3792 3478 3857 tradidit
3507 3797 3734 3879 iugera
3763 3798 3882 3861 XL.

1088 3879 1337 3941 Ditols
1356 3883 1585 3961 iugera
1616 3877 1798 3939 .XXX.
1846 3878 2009 3940 infra
2038 3878 2183 3939 XXX
2214 3879 2431 3939 annos.
2481 3878 2555 3939 In
2599 3878 2961 3941 Tunnaha
2988 3880 3129 3941 Ata
3156 3886 3445 3942 matrona
3483 3882 3736 3945 tradidit
3763 3894 3882 3947 sco

1086 3964 1415 4029 Bonifacio
1444 3965 1676 4027 hubam
1706 3982 1898 4026 unam
1930 3972 1993 4027 et
2022 3968 2248 4047 iugera
2276 3962 2571 4025 xxme.
2601 3964 2946 4027 Rathelm
2975 3968 3203 4049 iugera
3235 3970 3511 4049 quinque
3542 3970 3708 4031 infra
3735 3971 3884 4032 XXX

983 4106 999 4121 ,
1090 4053 1306 4115 annos.
1335 4054 1407 4114 In
1436 4052 1797 4114 Tullenes
1801 4058 1911 4113 tat
1936 4051 2165 4113 tradita
2192 4051 2333 4112 sunt
2361 4068 2474 4131 pro
2507 4049 2866 4113 elemosinis
2886 4054 3114 4134 iugera
3135 4052 3304 4113 XXII.
3323 4062 3388 4115 et
3408 4074 3522 4135 pro
3553 4056 3886 4137 sepulturis

1086 4142 1316 4221 iugera
1329 4138 1503 4201 VIIII.
1520 4140 1591 4200 In
1612 4141 1755 4201 cim
1767 4140 1805 4201 b
1818 4159 1846 4199 r
1860 4153 1898 4200 u
1910 4158 1953 4199 n
1978 4138 2061 4201 ad
2076 4138 2409 4211 ecclesiam
2425 4137 2652 4199 tradita
2674 4139 2814 4199 sunt
2833 4157 2946 4219 pro
2963 4138 3276 4219 sepultura
3297 4140 3615 4223 iugeraVI.
3635 4144 3704 4204 In
3724 4162 3786 4205 m
3799 4162 3838 4205 u
3852 4176 3880 4191 ··

1080 4224 1445 4305 iinhusen
1473 4227 1675 4290 Abho
1698 4225 1855 4287 trad.
1876 4225 2206 4308 iugeraL.
2222 4224 2389 4287 infra
2409 4224 2556 4285 XXX
2575 4224 2888 4303 annos.1n
2919 4223 3326 4288 backastat
3351 4228 3402 4288 R
3419 4236 3668 4291 atmar
3687 4230 3879 4293 tradi-

1088 4312 1178 4377 dit
1205 4316 1433 4397 iugera
1445 4312 1562 4375 XL.
1586 4312 1756 4375 infra
1770 4312 1915 4379 XXX
1940 4313 2155 4375 annos.
2186 4312 2255 4373 In
2287 4310 2688 4375 bechestet
2705 4331 2744 4374 e
2775 4313 2855 4374 ad
2885 4312 3218 4375 ecclesiam
3234 4314 3462 4377 tradita
3491 4316 3628 4377 sunt
3650 4320 3880 4398 iugera

1089 4400 1236 4463 .1111.
1258 4418 1371 4482 pro
1394 4397 1726 4480 sepultura.
1748 4400 1818 4459 In
1844 4418 2008 4461 wan
2021 4396 2321 4482 geheim
2345 4418 2412 4459 w
2427 4398 2582 4459 alth
2596 4416 2722 4459 cre
2745 4397 2916 4461 dedit
2939 4416 3053 4461 sco
3074 4398 3400 4462 Bonifaclo
3415 4404 3642 4485 iugera
3652 4402 3878 4464 XXIIII.

992 4552 997 4559 ,
1088 4486 1159 4549 In
1189 4485 1734 4551 arolfeehusen
1766 4484 2166 4549 Otolsdedit
2194 4488 2424 4569 iugera
2452 4482 2598 4563 XXX
2628 4485 2794 4547 infra
2823 4486 2970 4547 XXX
2999 4486 3327 4549 annos.1n
3358 4486 3877 4569 sugelsburcb

1232 4736 1285 4802 ἱ)
1308 4739 1545 4793 moveri
1568 4694 1953 4807 antiquario.
1982 4732 2045 4801 ·²)
2074 4735 2190 4801 Vgl.
2214 4748 2331 4799 cap.
2356 4734 2407 4786 8.

4087 5484 4412 5938 p
4621 5532 4722 5939 l
