4821 5976
1167 872 1301 934 124
2407 864 2562 945 cap.
2596 863 2699 926 43.

1345 1044 1448 1106 64.
1477 1045 1551 1105 In
1579 1040 1890 1104 Hamala
1919 1038 2090 1101 ‚VIIL
2119 1040 2453 1099 territoria.
2483 1055 2680 1099 unum
2718 1040 2787 1098 in
2828 1037 2961 1117 ipso
3002 1036 3145 1100 lece
3189 1037 3500 1100 Hamala
3538 1058 3683 1103 cum
3724 1040 3972 1103 XXVIII.

1169 1130 1369 1195 hubis.
1400 1149 1568 1212 quac
1597 1126 1872 1191 reddunt
1890 1126 2120 1186 XXVIII
2147 1142 2382 1205 porcos
2415 1130 2480 1186 et
2508 1123 2737 1208 singuli
2766 1142 2959 1185 unam
2984 1142 3191 1187 ouem.
3218 1132 3282 1188 et
3304 1125 3479 1187 LXVI
3500 1128 3748 1191 eminas
3764 1146 3973 1191 auene

1171 1226 1238 1282 et
1264 1218 1362 1279 XV
1393 1217 1640 1280 eminas
1667 1214 1866 1275 bracii
1896 1218 1960 1274 et
1993 1212 2057 1275 .1.
2089 1212 2362 1275 modium
2393 1210 2597 1294 figuli.
2631 1210 2821 1271 et-XX
2850 1213 3057 1274 tritici.

1347 1304 1449 1366 65.
1479 1306 1550 1364 In
1579 1302 1628 1362 Ν
1638 1320 1676 1361 u
1693 1300 1943 1363 enstat
1973 1300 2066 1362 .11.
2096 1302 2412 1361 territoria
2448 1305 2512 1357 et
2540 1297 2700 1375 ,XXX
2730 1297 2917 1359 hube.
2950 1316 3337 1381 unaqueque
3372 1311 3569 1362 unum
3598 1318 3878 1381 percum.
3910 1310 3975 1363 et

1174 1394 1239 1455 .I.
1273 1408 1460 1453 ouem
1493 1395 1557 1450 et
1584 1387 1730 1448 XXX
1763 1389 2009 1448 eminas
2033 1405 2264 1448 auene.
2297 1392 2362 1447 et
2393 1382 2508 1445 .v1.
2543 1385 2739 1446 bracii
2770 1392 2835 1445 et
2867 1386 2929 1445 .1.
2962 1384 3239 1447 modium
3270 1386 3456 1469 siguli
3486 1394 3551 1447 et
3578 1387 3677 1447 XX
3706 1389 3913 1461 tritici.

1344 1477 1446 1538 66.
1475 1476 1546 1537 In
1575 1474 1896 1537 Fiscbah
1927 1475 2018 1535 .11.
2049 1475 2362 1534 territoria
2402 1476 2467 1533 et
2508 1470 2766 1532 XXVIIII
2804 1470 2993 1541 hube.
3026 1490 3152 1553 que
3197 1474 3476 1535 similiter
3518 1473 3789 1536 reddunt
3816 1476 3973 1536 sicut

1169 1566 1236 1627 in
1265 1553 1644 1626 Nuenstai.
1675 1580 1820 1624 cum
1851 1562 2022 1621 omni
2051 1558 2260 1621 debito
2293 1559 2425 1620 suo.
2800 1600 2815 1613 .

1342 1650 1448 1711 67.
1478 1650 1550 1710 In
1579 1645 2041 1710 Imelendorf
2063 1646 2155 1708 .Π.
2185 1646 2519 1707 territoria.
2552 1648 2618 1705 et
2634 1643 2825 1705 ‘xxm
2853 1643 3041 1706 hube.
3068 1662 3333 1726 quarum
3362 1646 3545 1707 XVIII
3572 1646 3821 1731 singule
3851 1647 3974 1709 sin-

1168 1736 1358 1823 gulas
1379 1738 1539 1799 oues
1559 1734 1844 1797 reddunt.
1875 1732 1950 1795 Et
1979 1749 2206 1794 omnes
2235 1732 2416 1793 fimul
2442 1730 2650 1791 XXIIII
2682 1731 2891 1793 siclos.
2922 1738 2990 1792 ei
3022 1734 3113 1794 .Π.
3144 1731 3455 1795 denarios.
3480 1734 3552 1793 Et
3582 1734 3787 1795 XLIII]
3819 1736 3973 1795 emi-

1171 1824 1291 1885 nas
1316 1841 1526 1886 auene
1557 1828 1620 1883 et
1650 1822 1743 1883 .11.
1775 1820 1978 1901 figuli.
2011 1826 2074 1882 et
2107 1820 2204 1880 XX
2243 1820 2451 1881 tritici.
2491 1818 2563 1878 Et
2602 1822 2883 1899 quinque
2925 1822 3033 1899 qui
3064 1820 3408 1899 supersunt.
3439 1822 3669 1902 singuli
3702 1820 3981 1903 singulas

1171 1928 1354 1973 oues.
1387 1907 1787 1991 singulosque
1815 1923 2068 1987 pannos
2101 1906 2323 1967 laneos
2347 1913 2413 1969 et
2444 1906 2509 1966 .1.
2541 1905 2816 1967 medinm
2848 1906 3051 1989 siguli.
3084 1913 3149 1967 et
3176 1906 3225 1967 X
3251 1910 3459 1968 tritici.
3484 1907 3813 1969 Tributarii
3838 1909 3975 1969 sunt

1174 1997 1310 2060 ,Lx.
1363 1999 1474 2077 qui
1517 1994 1598 2057 ad
1637 1994 2022 2056 Remulum
2069 2002 2308 2055 curtem
2351 1993 2663 2055 iusticiam
2708 1992 2883 2054 suam
2927 1992 3191 2055 soluunt.
3244 1993 3523 2058 Ecclesie
3570 1995 3690 2056 .111.
3734 1994 3974 2057 Molen-

1171 2082 1362 2145 dinue
1393 2082 1507 2144 ‚vl.

1349 2166 1572 2247 (141⁶)
1624 2166 1727 2229 68.
1769 2168 1840 2228 In
1883 2165 2461 2228 Biscosesberch
2502 2165 2851 2244 antiquitus
2893 2166 3295 2245 pertinebant
3339 2167 3431 2228 .Π.
3476 2169 3811 2229 territoria.
3864 2165 3973 2228 lidi

1167 2254 1284 2317 XL.
1317 2274 1461 2318 cum
1491 2256 1683 2336 plena
1711 2254 2062 2315 redditione
2093 2253 2184 2315 sui
2215 2252 2427 2315 debiti.
2466 2252 2727 2330 Insuper
2765 2250 2938 2312 hube
2964 2250 3113 2313 LXX
3143 2252 3391 2337 singule
3421 2252 3705 2335 singulos
3726 2254 3971 2333 porcos.
4072 2302 4083 2307 -

1167 2342 1572 2425 singulasque
1603 2358 1764 2402 oues
1797 2347 1860 2402 et
1889 2340 2132 2423 [ingles
2161 2356 2415 2419 pannos
2445 2338 2733 2399 reddunt.
2766 2336 2987 2399 Coloni
3020 2338 3183 2400 ‚LVL
3216 2340 3498 2423 singulas
3522 2340 3683 2401 oues
3698 2358 3843 2402 cum
3864 2342 3971 2401 tri-

1163 2429 1376 2491 duano
1405 2430 1695 2491 seruicia.
1726 2427 2086 2488 Sei-nitores
2119 2425 2304 2489 ,XXX.
2337 2425 2569 2508 singuli
2597 2424 2715 2486 .ΙΠ.
2746 2424 2997 2487 modios
3028 2442 3259 2488 auene.
3292 2434 3357 2487 et
3379 2427 3443 2488 .1.
3468 2426 3745 2489 modium
3777 2426 3973 2510 siligi-

1167 2516 1270 2577 nis
1295 2521 1361 2577 et
1389 2514 1711 2576 dimidium
1739 2516 1946 2575 tritici.
1977 2514 2310 2575 Tribuni-ii
2337 2513 2553 2573 LXXX.
2586 2513 2876 2573 statutum
2918 2514 3175 2574 censum
3204 2514 3311 2574 uel
3342 2513 3751 2575 cottidianum
3780 2514 3974 2574 serui-

1169 2606 1341 2664 cium
1371 2601 1818 2681 persoluenies.
1849 2598 2128 2665 Eccldio
2159 2600 2278 2661 .111.
2309 2602 2504 2660 uince
2533 2588 2702 2661 ‚VIIL
2732 2598 3091 2660 Molendine
3122 2600 3269 2661 .1111.

1340 2688 1446 2749 69.
1475 2688 1547 2748 In
1575 2685 1867 2748 Ludere
1895 2687 1988 2747 .Π.
2020 2689 2348 2748 territoria.
2380 2686 2489 2748 lidi
2516 2686 2689 2766 pleni
2712 2684 2855 2746 ΧΠ.
2879 2685 3117 2747 dimidii
3149 2687 3235 2749 .X.
3266 2688 3537 2748 triduani
3565 2685 3813 2747 XXVIII.
3848 2686 3968 2747 Co-

1087 2804 1100 2817 ·
1165 2774 1296 2835 loni
1325 2774 1494 2835 XXX.
1527 2773 1790 2835 Sclaui
1819 2790 1962 2835 cum
1992 2772 2182 2852 pleno
2213 2772 2527 2835 beneficio
2561 2772 2675 2835 ‚XL
2706 2791 2853 2834 cum
2882 2771 3136 2834 dimidio
3168 2772 3481 2835 beneflcio
3514 2774 3661 2835 .1111.
3704 2774 3973 2853 Insuper

1167 2862 1307 2922 sunt
1333 2860 1503 2923 hube
1531 2878 1764 2922 nouem
1795 2858 2034 2941 finglos
2057 2854 2268 2923 boues¹
2291 2860 2739 2940 persoluentcs.
2771 2860 2912 2921 Alie
2942 2858 3110 2921 hube
3141 2859 3262 2920 XII.
3295 2877 3440 2922 cum
3468 2859 3654 2922 melle
3686 2860 3969 2923 reddunt.

1168 2950 1473 3011 Pretereu
1505 2953 1731 3009 cetere·
1752 2946 1920 3008 hube
1951 2946 2096 3008 .ΙΙΠ.
2127 2946 2366 3010 talenta
2412 2946 2680 3010 reddunt
2720 2952 2783 3010 et
2814 2945 2901 3008 .X.
2934 2946 3171 3009 uncias.
3205 2954 3271 3010 et
3298 2964 3528 3010 nouem
3562 2947 3816 3010 uaccas.
3844 2948 3977 3010 Μο-

1167 3034 1465 3098 lendinae
1497 3033 1639 3096 ΝΠ.
1673 3041 1738 3096 et
1767 3034 2038 3097 ecclesie
2071 3035 2164 3096 .Π.
2195 3053 2340 3096 cum
2369 3033 2557 3097 hubis
2590 3043 2655 3096 et
2684 3034 2953 3097 decimis
2985 3034 3113 3096 suis
3147 3035 3359 3096 abbati
3388 3035 3763 3096 seruientee.

1341 3121 1443 3183 70.
1477 3123 1546 3183 In
1579 3120 2183 3204 Engelmarestat
2211 3121 2549 3182 liberorum
2580 3120 3195 3202 xv11.unurquisque
3223 3121 3479 3201 plenam
3501 3124 3826 3184 victimam
3850 3121 3975 3182 dat.

1167 3207 1337 3290 quod
1365 3209 1486 3270 nos
1509 3207 1781 3270 dicimus
1811 3207 2112 3290 friscinge
2145 3208 2264 3270 .111.
2295 3209 2431 3270 Duo
2462 3207 2736 3270 molend.
2768 3209 3133 3287 persoluunt
3174 3209 3469 3270 statutum
3508 3207 3785 3270 censum.
3832 3205 3979 3282 Qui·-
4016 3247 4025 3254 -

1169 3295 1314 3358 dam
1343 3295 1680 3358 liberorum
1709 3294 1774 3357 id
1805 3294 1897 3357 est
1927 3296 2278 3357 sclauoru
2299 3313 2363 3355 m
2393 3314 2539 3357 cum
2567 3295 2727 3357 libra
2756 3295 2867 3355 lini
2898 3301 2963 3356 et
3009 3313 3139 3356 una
3178 3313 3322 3356 oue.
3356 3303 3421 3356 et
3456 3313 3583 3356 uno
3614 3313 3827 3374 panno
3860 3295 3977 3356 sol-

1167 3388 1340 3443 uunt.
1373 3383 1481 3444 alii
1509 3381 1890 3444 frumentum
1921 3379 2091 3442 dant.
2121 3381 2186 3442 id
2219 3382 2328 3442 est.
2360 3382 2442 3441 III
2470 3381 2721 3443 modios
2754 3399 2963 3444 auene
2996 3383 3062 3443 .1.
3092 3381 3369 3444 modium
3400 3382 3677 3463 siliginis.
3704 3389 3769 3443 et
3798 3381 3989 3443 dimi-·

1165 3467 1336 3530 dium
1363 3470 1572 3530 tritici.
1611 3467 1910 3529 Triduani
1938 3465 2078 3529 sunt
2107 3467 2274 3528 ‚VIIL
2307 3467 2571 3529 Sclaui
2602 3467 2798 3529 .v1111.

1347 3554 1449 3615 71.
1480 3555 1550 3616 In
1583 3551 1872 3615 Sulaha
1903 3553 2041 3615 sunt
2077 3553 2294 3632 (142⁸)
2335 3555 2545 3616 coloni
2574 3554 2849 3618 triduani
2887 3553 3055 3616 ‚XIIL
3102 3553 3363 3618 Sclaui
3394 3553 3692 3616 XXXVIII.
3726 3552 3993 3616 soluen·'

1165 3647 1269 3702 tes
1299 3639 1494 3701 linum
1523 3657 1798 3701 euenum
1828 3642 2118 3701 triticum.
2153 3640 2429 3723 gallinas
2451 3648 2515 3703 et
2544 3660 2691 3704 oua.
2724 3649 2789 3703 et
2816 3659 3090 3722 pannos.

1343 3725 1444 3788 72.
1475 3728 1544 3786 In
1575 3726 1634 3787 Μ
1644 3745 1685 3786 a
1696 3725 2326 3808 gebrahcclleNI.
2344 3729 2486 3790 sunt
2512 3727 2641 3790 lidi.
2672 3730 2805 3790 tres
2828 3727 3081 3790 dimidii.
3104 3727 3201 3787 XV
3232 3727 3421 3790 hube.
3444 3727 3655 3790 coloni
3676 3726 3971 3790 triduam.

1175 3812 1528 3875 seniitores
1549 3812 1876 3875 cottidiani
1905 3812 2053 3874 VIII.
2085 3832 2229 3876 cum
2259 3815 2371 3876 sua
2399 3816 2647 3877 iusticia
2674 3815 3036 3878 seruientcs.
3066 3815 3373 3877 tributarii
3400 3813 3524 3876 VII.

1189 3947 1194 3952 .
1343 3897 1444 3961 73.
1476 3901 1546 3960 In
1575 3899 1976 3962 Bruweles
1999 3901 2146 3962 .ΙΠΙ.
2177 3900 2444 3964 lidorum
2471 3901 2659 3965 hube.
2694 3911 2757 3964 et
2787 3903 2891 3963 VII
2920 3902 3191 3965 triduani
3220 3920 3367 3964 cum
3397 3902 3523 3963 suis
3543 3901 3741 3963 hubis.
3786 3901 3978 3962 Prata

1165 3986 1308 4135 gunt
1335 3992 1593 4048 centum
1638 3988 1960 4069 uirgarum
1992 3995 2314 4050 etaemus
2363 3989 2447 4050 ad
2494 3989 2853 4071 pascendos
2892 3991 3136 4069 porcos.
3188 3996 3253 4051 et
3304 3987 3689 4071 stipendiarii
3732 3987 3814 4050 nd
3850 3985 3976 4050 hoc

1209 4075 1470 4155 eputati.
3857 4133 3867 4150 ,

1341 4162 1445 4223 74.
1473 4160 1542 4221 In
1576 4157 2252 4223 Salchenmunster
2295 4161 2437 4224 sunt
2478 4161 2588 4224 lidi
2632 4162 2781 4224 .ΠΙῙ.
2822 4161 3017 4242 pleni.
3048 4161 3223 4223 XXXI
3252 4161 3441 4224 huba.
3474 4167 3539 4223 et
3566 4161 3717 4223 XIII.
3746 4159 3855 4223 lidi
3884 4160 3977 4223 di-

1163 4245 1340 4310 midii
1367 4254 1433 4308 et
1459 4247 1627 4309 LXV.
1660 4247 1870 4310 coloni
1901 4255 1966 4310 et
1995 4248 2084 4310 Ν.
2113 4249 2302 4310 mole.
2333 4248 2633 4311 Triduani
2664 4249 3001 4311 semitores
3022 4248 3210 4310 ,xlm
3234 4248 3517 4312 Ecclesie
3539 4247 3665 4311 due
3688 4267 3835 4310 cum
3854 4246 3983 4310 suis

1165 4334 1444 4397 decimis.
1477 4340 1541 4396 et
1569 4333 1757 4398 hubis
1788 4335 1963 4396 VIII..

1341 4423 1443 4484 75.
1473 4423 1546 4482 In
1575 4419 2152 4484 Frichcnhusen
2181 4421 2290 4485 lidi
2323 4421 2441 4484 .Π.
2470 4427 2537 4486 et
2562 4421 2613 4482 X
2643 4421 2873 4506 singuli
2916 4439 3152 4502 porcos
3194 4423 3547 4504 saginatos.
3580 4426 3646 4483 et
3674 4421 3861 4484 siclos
3883 4417 3972 4481 Ν.

1163 4505 1438 4570 triduani
1465 4507 1610 4568 XXI.
1641 4507 1718 4570 Hi
1758 4507 2028 4570 reddunt
2067 4508 2296 4592 singuli
2339 4511 2609 4570 arietem
2646 4527 2864 4571 unum.
2906 4509 3116 4572 Liberi
3158 4509 3437 4570 XXXVIII
3474 4508 3667 4590 pleni.
3708 4523 3978 4587 querum

1163 4594 1429 4675 quisque
1458 4594 1756 4674 persoluit
1785 4613 1972 4656 ouem
2003 4613 2215 4658 unam.
2248 4602 2314 4656 et
2342 4597 2464 4658 .ΠῙ.
2494 4595 2745 4658 modios
2787 4614 2997 4658 auene
3038 4604 3105 4658 et
3135 4596 3227 4658 .Π.
3259 4597 3467 4657 siclos.
3498 4595 3709 4656 Liberi
3734 4591 3975 4654 dimidii

1162 4679 1363 4741 XXIII.
1405 4681 1636 4763 singuli
1677 4699 1864 4742 ouem
1905 4681 1972 4742 .1.
2017 4689 2082 4742 et
2117 4683 2336 4745 ficlum
2383 4683 2448 4743 .I.
2490 4689 2555 4744 et
2594 4682 2756 4745 duos
2786 4682 3035 4746 modies
3068 4699 3299 4744 auene.
3328 4680 3597 4743 Dimidio
3622 4679 3794 4742 liube
3826 4679 3972 4742 .ΙῙΠ.

1167 4763 1411 4849 singule
1442 4771 1717 4830 unciam.
1748 4766 1970 4828 Coloni
2003 4765 2561 4831 ,XXL-Ser'uitores
2592 4769 2715 4832 XII.
3278 4789 3285 4799 ·
4042 4815 4060 4826 .

1339 4853 1442 4914 76.
1471 4855 1542 4916 In
1587 4853 2179 4926 Otricheshusen
2216 4855 2461 4919 solani
2496 4857 2641 4920 nint
2682 4857 2799 4920 ‚XL
2843 4857 3278 4938 unusquisque
3319 4852 3619 4938 pei-soluit
3664 4853 3854 4917 siclos
3876 4853 3976 4918 .Π.
