4821 5976
992 775 1120 839 16⁸
2299 772 2453 854 Cap.
2504 776 2604 831 77.

1175 960 1273 1023 Ad
1305 960 1682 1023 lauatorium
1721 957 1978 1020 fratrum
2017 956 2228 1019 (laude
2268 964 2414 1017 eunt
2448 974 2674 1035 cuppe.
2714 957 2807 1017 De
2840 956 3175 1035 Spanelo
3210 958 3272 1018 .1.
3306 960 3396 1019 De
3424 960 3804 1024 Biberaha

993 1048 1060 1109 .1.
1093 1047 1183 1108 De
1215 1046 1590 1107 frlckeuh.
1625 1046 1688 1105 .1.
1739 1044 1832 1105 De
1859 1043 2154 1104 flidena
2185 1042 2251 1103 .1.
2281 1042 2374 1104 De
2405 1040 2778 1102 Steinaha
2810 1042 2873 1102 .1.
2914 1041 3006 1101 De
3036 1036 3569 1106 Luterenbac'h
3616 1048 3677 1107 .1.
3711 1048 3803 1108 De

995 1134 1282 1193 Lutera
1313 1133 1380 1195 .1.
1423 1132 1517 1193 De
1554 1127 2026 1210 Hegenebah
2065 1130 2130 1189 .1.
2177 1126 2453 1207 Lapides
2474 1127 2776 1208 magister
2816 1127 3029 1207 operit
3049 1125 3399 1207 prouideat.
3460 1128 3529 1190 Si
3577 1130 3803 1193 domus

994 1218 1288 1279 lauatorii
1317 1216 1630 1278 uetustate
1669 1214 1772 1274 uel
1814 1216 1999 1275 ruina
2037 1212 2364 1275 defecerit.
2409 1213 2491 1273 de
2534 1211 3030 1273 Luterenbah
3075 1214 3485 1293 reparabitur.
3516 1215 3800 1280 Lebetes.

992 1304 1249 1365 rasoria.
1281 1309 1346 1362 et
1375 1307 1590 1363 cetera
1619 1298 2007 1361 ferramenta
2035 1300 2427 1359 camerarius
2456 1296 2716 1359 fratrum
2747 1286 3125 1376 procurabit.

1164 1388 1265 1448 Il'ti
1299 1387 1440 1446 runt
1466 1387 1575 1465 qui
1608 1386 1914 1464 porticum
1952 1386 2118 1444 inter
2155 1384 2601 1444 monasterium
2639 1388 2719 1443 et'
2739 1399 2878 1443 scm
2892 1382 3267 1445 Michaelem
3288 1385 3353 1444 iu
3380 1386 3687 1447 cimiterio
3721 1388 3801 1447 ad

995 1472 1369 1551 sepulturam
1415 1469 1695 1531 fidelium
1740 1487 2050 1530 renouare
2094 1468 2345 1530 debent.
2389 1469 2641 1529 Partem
2670 1485 2861 1529 uuam
2904 1469 2989 1529 ‚L
3022 1469 3254 1548 pedum
3283 1470 3497 1530 custos
3529 1473 3799 1533 ecclefie

993 1574 1190 1637 prope
1213 1556 1678 1617 monasterium.
1706 1553 2146 1627 fecundamde
2176 1553 2459 1615 kindec
2475 1553 2647 1615 ello.
2674 1556 2920 1614 tertiam
2953 1552 3033 1615 de
3048 1554 3317 1615 Bruele
3348 1560 3413 1615 et
3442 1555 3798 1637 negene-

994 1641 1205 1703 bach.
1238 1646 1527 1722 quartam
1559 1638 1640 1701 de
1676 1646 1910 1716 porta.
1946 1642 2227 1719 quintam
2258 1638 2340 1700 de
2372 1638 2701 1700 frikenh.
2736 1645 2989 1700 sextam
3035 1639 3425 1702 cellerarius.
3460 1645 3798 1721 septimam

999 1726 1078 1788 de
1109 1727 1434 1788 Ludera.
1468 1724 1770 1786 octauam
1802 1723 1882 1785 de
1912 1725 2422 1787 Luterenbah.

1170 1811 1262 1872 De
1291 1810 1427 1871 istis
1456 1809 1618 1870 locis
1650 1808 1857 1870 (lande
1882 1816 2032 1870 sunt
2062 1810 2240 1888 lplne
2273 1808 2353 1871 ad
2384 1810 2753 1870 incaustum.
2784 1809 2875 1870 De
2906 1809 3232 1871 frikenh.
3262 1810 3358 1871 vl.
3390 1810 3580 1871 modii
3612 1812 3799 1872 corti-
3850 1876 3858 1883 ,

1005 1914 1240 1957 corum.
1272 1894 1353 1957 de
1385 1892 1680 1955 slidene
1713 1895 1851 1955 .le
1884 1896 1976 1955 De
2021 1894 2496 1976 Hegenebah
2542 1894 2655 1956 ‚vL
2696 1895 2789 1956 De
2820 1895 3081 1957 ludere
3130 1896 3269 1956 .le
3302 1896 3508 1979 Ligna
3532 1892 3587 1973 ¹)
3641 1914 3796 1956 uero

1003 1998 1080 2043 ac
1111 1980 1366 2043 lebetes.
1400 1981 1766 2058 coquentes.
1799 1987 1864 2041 et
1894 1987 2112 2040 cetera
2140 1982 2501 2041 necessaria
2532 1981 2781 2041 uillicue
2814 1981 3059 2041 abbatis
3078 1981 3451 2060 prouidebit.

1167 2066 1480 2145 Tempore
1518 2064 1772 2125 hiemali
1805 2066 2014 2125 custos
2050 2067 2322 2127 ecclesie
2360 2065 2573 2127 lumen
2618 2068 2683 2126 in
2729 2064 3067 2127 refectorio
3106 2072 3171 2126 et
3208 2069 3273 2126 in
3306 2065 3491 2126 scolis
3522 2072 3585 2125 et
3626 2064 3797 2126 infir-

997 2153 1200 2212 maria
1227 2148 1601 2229 prouidebit.
1633 2151 2006 2212 cellerarius
2044 2150 2447 2213 candelabra.
2490 2160 2555 2211 et
2594 2150 2889 2211 scutellas
2927 2157 2993 2211 et
3029 2151 3251 2229 ciphos
3288 2157 3352 2212 et
3382 2152 3656 2230 capetas.
3691 2169 3797 2212 ca·

1001 2237 1311 2297 merarius
1336 2234 1584 2297 abbatis
1607 2236 1905 2297 cultellos.
1939 2237 2277 2300 coclearia.
2311 2244 2376 2299 et
2405 2235 2662 2318 cingula
2694 2235 2993 2297 fratribus
3022 2243 3333 2315 procuret.

1135 2510 1184 2577 ¹)
1215 2512 1442 2563 Schauu.
1467 2514 1649 2563 histor.
1676 2514 1823 2563 fuld.
1851 2514 1891 2575 1,
1923 2516 2000 2565 14.

2147 3101 2612 3125 *ἅθωῡ
2626 3112 2633 3116 v
2642 3111 2652 3116 -
