4821 5976
1262 866 1350 931 8²
1463 860 1468 867 ’
2265 886 2270 891 ·
2504 860 2661 942 Cap.
2695 859 2799 927 39.

1265 1035 1788 1099 Rotmultorfe.
1832 1035 1964 1097 tres
1995 1034 2180 1095 uillas
2201 1032 2545 1098 Luchcsc
2574 1037 2985 1115 nuncupatas.
3032 1025 3165 1115 (in)
3204 1038 3402 1101 tribus
3433 1036 3863 1101 Barchohis.
3896 1038 4041 1101 Wi-

1269 1123 1716 1187 lantcshclm
1741 1130 1804 1183 ct
1825 1120 2330 1202 Helidungcn.
2355 1120 2738 1203 Baringin.
2764 1123 3146 1187 Rotmunc.
3171 1124 3633 1187 Wizmvone.
3660 1124 4040 1187 Hintisolt.

1267 1210 1678 1272 Turstoldc.
1707 1206 2382 1289 widergcltesstat.
2409 1208 2809 1289 Tagadors.
2836 1209 3521 1294 Dagamarcsbach.
3544 1210 4041 1273 Hadamares—

1270 1298 1474 1359 bach.
1505 1295 2051 1357 Boinherestat.
2094 1294 2491 1356 Tou-estat.
2534 1294 2987 1377 Dingessclt.
3021 1298 3477 1361 Strusedorf.
3520 1298 3891 1360 Nortdors.
3924 1298 4045 1359 Si·

1266 1380 1792 1464 drungestorf.
1833 1380 2328 1443 Grcifcsdorf.
2379 1381 2817 1444 Mircsbach.
2866 1392 2929 1445 ot
2973 1384 3633 1448 duo‘Sczzelacha.
3674 1392 3739 1445 et
3776 1384 3901 1445 duo
3924 1360 4047 1445 Ei-

1267 1469 1610 1532 chcsi'olt.
1663 1468 2278 1533 Hishercshusen.
2329 1467 2834 1531 Hcroluestat.
2890 1468 3532 1533 othelmoshuren.
3578 1471 4044 1533 Irminoltcs-

1265 1556 1506 1617 husen.
1557 1553 2212 1637 Gerwigeshuscn.
2255 1553 2910 1636 Wicgcrcshuten.
2953 1558 3467 1621 wullencstat.
3500 1547 4043 1635 Grimqltcstat.

1261 1642 1396 1705 Hcc
1427 1645 1638 1705 omnia
1662 1649 1726 1703 ct
1753 1642 1944 1703 multa
1973 1641 2098 1701 alia
2127 1640 2267 1701 loca
2296 1640 2396 1700 his
2420 1640 2778 1704 adiacentia
2800 1641 2969 1707 dedit
2991 1645 3273 1725 predicta
3305 1644 3561 1708 domina
3600 1662 3715 1707 sco
3740 1644 3893 1706 Bon.
3916 1662 4045 1726 quo

1262 1728 1448 1792 modo
1479 1730 1713 1791 habent
1741 1728 1963 1789 diuet-fi
1991 1728 2310 1807 principes
2330 1730 2398 1789 in
2426 1727 2759 1791 beneflcio.

1439 1822 1539 1883 40.
1571 1820 1830 1883 Ernust
1867 1828 1930 1882 ct
1959 1838 2122 1881 uxor
2157 1824 2302 1881 eius
2329 1821 2643 1882 waltrut
2670 1818 2727 1899 1)
2764 1822 2984 1885 traditi.
3018 1824 3145 1887 deo
3174 1830 3241 1886 et
3280 1840 3397 1886 sco
3426 1824 3579 1887 Bon.
3626 1825 3795 1887 bona
3840 1824 3949 1887 sua
3980 1829 4047 1887 in

1268 1910 1414 1972 uilla
1442 1908 1790 1970 Strvov‘va
1809 1904 1868 1987 ²)
1909 1926 2050 1969 cum
2079 1908 2413 1987 mancipiis
2435 1908 2719 1969 .XL.VIII.

1440 2002 1540 2064 41.
1572 1999 1822 2081 otto⁸)
1863 2007 1926 2063 et
1955 2020 2119 2063 uxor
2145 2005 2288 2063 eius
2321 2002 2602 2063 Rathilt
2630 2001 2851 2064 traditi.
2884 2001 3003 2064 deo
3036 2009 3100 2064 et
3130 2022 3247 2066 sco
3280 2004 3434 2065 Bon.
3466 2006 3634 2067 bona
3663 2006 3861 2069 suain
3892 2007 4046 2070 dua·

1269 2092 1386 2153 bus
1405 2089 1570 2153 uillis
1592 2088 1934 2151 weitaha
1957 2084 2015 2167 ⁴)
2057 2097 2120 2149 et
2149 2089 2244 2149 Su
2263 2089 2573 2150 ntheim.
2606 2107 2748 2149 cum
2778 2092 3111 2170 mancipiis
3133 2099 3197 2152 et
3226 2092 3559 2153 substantia
3587 2110 3823 2155 corum.

1438 2176 1539 2238 42.
1572 2174 1857 2238 othelm
1885 2174 2042 2236 trad.
2074 2174 2196 2237 deo
2229 2181 2292 2236 ct
2322 2192 2439 2236 sco
2469 2175 2621 2236 Bon.
2654 2175 2820 2236 bona
2849 2176 2961 2237 sua
2992 2185 3055 2237 ct
3078 2178 3409 2240 ecclesiam
3440 2196 3631 2241 unam
3653 2180 3718 2240 in
3742 2181 3839 2241 eis
3862 2178 4037 2259 (92⁵)

1266 2271 1330 2327 et
1355 2270 1571 2326 cetera
1593 2264 1778 2324 bona.
1812 2270 1940 2323 tam
1966 2262 2095 2323 sua.
2122 2280 2310 2342 quam
2338 2263 2564 2323 sororis
2594 2262 2702 2323 suc
2735 2262 2775 2323 J
2785 2262 3039 2324 uliano
3073 2268 3199 2327 sita
3222 2268 3287 2327 in
3313 2264 3949 2351 Wangcheimere
3978 2263 4047 2351 ⁵)

1266 2350 1542 2416 marcha.
1575 2368 1717 2411 cum
1746 2350 2078 2429 mancipiis
2093 2348 2426 2409 ,Lxx.v111.
2459 2356 2523 2409 et
2552 2366 2695 2429 cum
2726 2352 2895 2409 omni
2926 2350 3101 2429 prole
3130 2358 3195 2412 ct
3222 2352 3580 2414 substantia.

1440 2444 1816 2507 43uFolrat
1847 2444 2066 2506 tradid.
2093 2463 2206 2507 ιοο
2227 2444 2382 2507 Bon.
2406 2438 2853 2525 proprie'ta'tcm
2877 2446 3049 2507 suam
3084 2449 3151 2508 in
3182 2446 3333 2509 uilla
3356 2447 3565 2510 Mede
3584 2448 3797 2513 bach.
3822 2447 3879 2529 ⁸)
3906 2469 4051 2513 cum

1268 2534 1519 2599 familiis
1543 2540 1606 2593 ct
1635 2533 1918 2596 omnibus
1949 2528 2353 2594 facultatibus
2381 2531 2517 2593 suis.
3942 2543 3949 2559 ·

1440 2622 1541 2681 44.
1569 2617 1834 2680 Altsrit
1879 2626 1942 2687 ct
1992 2637 2153 2680 uxor
2194 2623 2334 2681 eius
2365 2618 2665 2679 Folcrat
2693 2616 2913 2680 tradid.
2945 2617 3065 2680 deo
3108 2624 3173 2678 et
3216 2636 3333 2699 sco
3375 2618 3529 2681 Bon.
3576 2622 3747 2683 bona
3776 2620 3888 2684 sua
3916 2641 4043 2704 quo

1266 2707 1618 2773 habuerunt
1645 2709 1710 2767 in
1740 2707 1877 2767 loco
1909 2700 2173 2788 Gfinga
2193 2702 2251 2785 ἵ)
2291 2711 2652 2785 nuncupato
2698 2723 2839 2766 cum
2870 2706 3204 2785 mancipiis
3226 2704 3518 2768 ,XLvlnL

1441 2802 1540 2861 45.
1571 2800 1997 2862 Willibraht
2042 2809 2107 2863 et
2135 2820 2294 2862 uxor
2326 2804 2468 2861 cius
2514 2800 2942 2862 Hiltiburch
2988 2798 3207 2863 tradid.
3252 2818 3368 2862 sco
3411 2800 3565 2864 Bon.
3612 2804 3780 2865 bona
3832 2802 3944 2866 sua
3985 2758 4049 2865 in

1270 2888 1647 2969 Graphelt.
1681 2906 1823 2949 cum
1852 2887 2182 2969 mancipiis
2207 2896 2270 2949 et
2301 2888 2535 2950 ceteris
2555 2887 2747 2948 rebus
2777 2886 3111 2949 mobilibus
3144 2894 3207 2949 ct
3234 2889 3675 2950 immobilibus.

1441 2986 1542 3048 46.
1572 2985 1927 3047 Hartman
1957 2984 2112 3047 trad.
2138 2985 2257 3048 deo
2291 2991 2353 3045 ct
2384 2966 2501 3046 sci)
2529 2981 2683 3046 Bon.
2715 2982 2883 3045 bona
2912 2982 3025 3046 sua
3055 3003 3179 3066 que
3208 2983 3427 3047 habuit
3455 2986 3520 3047 in
3552 2984 3880 3048 Brataha
3909 2944 4079 3049 cum·

1269 3075 1440 3135 omni
1468 3073 1803 3134 substantia
1831 3091 1908 3133 ac
1939 3071 2176 3133 familia
2205 3071 2332 3134 sua.
2398 3142 2406 3148 ³

1440 3172 1544 3232 47.
1573 3170 1909 3253 Ratputg
1936 3167 1996 3248 ³)
2036 3169 2116 3232 de
2147 3165 2727 3230 Gertcreshcim
2748 3161 2807 3244 υ)
2846 3163 3003 3228 trad.
3046 3165 3214 3229 bona
3242 3165 3355 3227 sua
3393 3167 3458 3226 in
3506 3165 3735 3228 codem
3763 3166 3905 3230 loco
3937 3184 4053 3229 sco

1267 3257 1415 3324 Bon.
1451 3277 1596 3318 cum
1627 3257 1877 3319 familiis
1902 3264 1966 3317 et
1995 3255 2394 3318 facultatibus
2428 3253 2566 3314 suis.

1442 3353 1542 3416 48.
1572 3349 1979 3430 nithartw)
2021 3360 2084 3414 ct
2111 3351 2306 3414 frater
2337 3353 2479 3411 cius
2511 3346 2645 3409 Alb
2661 3346 2833 3408 hart
2862 3344 3082 3409 tradid.
3102 3345 3222 3407 deo
3254 3352 3319 3409 et
3348 3364 3465 3407 sco
3480 3345 3633 3408 Bon.
3653 3347 3822 3408 bona
3850 3349 3963 3408 sua
3990 3351 4055 3408 in

1268 3443 1408 3506 loco
1437 3434 2231 3518 Ditcricheshusenll)
2268 3437 2333 3499 id
2363 3435 2455 3498 ast
2484 3452 2674 3496 unam
2713 3433 2995 3494 areolam
3038 3437 3103 3493 ct
3148 3433 3265 3494 .111.
3307 3432 3511 3497 hubas
3542 3452 3687 3495 cum
3726 3437 4061 3513 mancipiis

1267 3531 1490 3590 tribus.

1445 3625 1547 3685 49.
1593 3620 2040 3686 Gundachar
2083 3627 2148 3680 et
2183 3636 2346 3680 uxor
2385 3618 2531 3678 cius
2571 3615 3019 3698 Rogingunt
3061 3613 3281 3685 tradid.
3324 3613 3445 3676 deo
3476 3621 3541 3676 et
3578 3631 3693 3676 sco
3725 3615 3878 3676 Bon.
3910 3634 4054 3695 pro-

1270 3713 1600 3793 prietatem
1631 3727 1834 3772 fluam.
1865 3725 2056 3790 quam
2084 3705 2441 3770 habuerunt
2466 3705 2533 3766 in
2562 3701 2607 3762 S
2625 3699 2848 3762 alaha
2879 3695 2965 3778 l²)
3016 3718 3161 3762 cum
3188 3696 3523 3780 mancipiis
3546 3707 3609 3762 et
3638 3701 3893 3764 familiis
3916 3703 4057 3766 fuir.

1446 3806 1546 3868 50.
1579 3805 1980 3868 Gunderun
2011 3799 2103 3883 ¹⁸)
2147 3801 2304 3863 trad.
2336 3799 2460 3862 deo
2490 3804 2556 3860 et
2596 3815 2711 3859 sco
2742 3795 2896 3860 Bon.
2920 3798 3088 3858 bona
3116 3796 3228 3858 sua
3270 3798 3335 3858 in
3367 3794 3925 3858 ohtereshuren
3956 3794 4047 3876 ι4)

1273 3911 1418 3956 cum
1442 3892 1775 3974 mancipiis
1800 3891 2012 3955 .xvl11.

1445 3980 1548 4042 51.
1577 3979 1864 4040 Waltho
1891 3976 2049 4042 trad.
2080 3974 2202 4038 deo
2223 3981 2292 4036 et
2311 3989 2429 4036 sco
2451 3972 2605 4034 Bon.
2628 3971 2799 4034 bona
2820 3971 2931 4031 sua
2956 3971 3025 4030 in
3057 3968 3451 4031 atcnbach.
3484 3975 3548 4030 ct
3574 3970 3642 4030 in
3673 3969 4055 4034 tunibach.

1269 4067 1433 4130 duas
1455 4066 1690 4129 scilicet
1716 4062 2022 4146 capturas.

1447 4154 1548 4216 52.
1579 4151 1959 4214 Gozbrabt
1989 4148 2144 4210 trad.
2176 4147 2296 4210 deo
2327 4154 2393 4208 ct
2422 4163 2539 4208 sco
2568 4143 2723 4206 Bon.
2754 4144 2925 4204 bona
2945 4141 3058 4204 sua
3085 4149 3151 4204 et
3176 4144 3497 4222 mancipia
3526 4142 3675 4204 .1111.

1453 4239 1629 4320 (93⁸)
1679 4238 1780 4299 53.
1826 4235 2188 4299 Adalman
2227 4233 2382 4296 trad.
2424 4233 2547 4297 deo
2592 4237 2657 4292 et
2696 4247 2812 4291 aco
2854 4229 3009 4291 Bon.
3054 4231 3121 4290 in
3164 4247 3380 4290 marca
3424 4229 3883 4291 Getici-seim
3912 4229 4057 4314 XXX

1273 4330 1499 4412 iugera
1528 4345 1668 4389 cum
1699 4342 1954 4386 nemore
1987 4324 2115 4384 sno.

1447 4415 1548 4476 54.
1577 4411 1987 4476 Adal-btaht
2017 4405 2172 4471 trad.
2205 4405 2325 4469 deo
2357 4412 2423 4468 ct
2451 4422 2567 4468 sco
2594 4403 2749 4464 Bon.
2782 4402 2952 4464 bona
2983 4401 3095 4462 sua
3122 4420 3267 4464 cum
3292 4401 3421 4462 xm
3450 4402 3795 4482 mancipiis.

1444 4502 1548 4564 55.
1580 4499 1772 4564 Geth
1788 4507 1901 4560 art
1932 4495 2148 4558 comes
2171 4502 2235 4557 ct
2263 4493 2457 4556 frater
2487 4493 2629 4554 cius
2658 4491 2927 4571 Bippin
2956 4484 3047 4568 ¹⁵)
3086 4487 3307 4552 tradid.
3338 4489 3459 4553 deo
3491 4497 3557 4552 et
3583 4506 3697 4551 aco
3726 4489 3883 4551 Bon.
3914 4507 4059 4569 pro-

1418 4723 1464 4790 ι)
1497 4726 1811 4774 wartrun.
1862 4715 1916 4784 ⁸)
1967 4723 2214 4768 strena.
2253 4715 2308 4781 ⁸)
2350 4719 2533 4767 voto.
2592 4712 2645 4781 ⁸)
2695 4717 2773 4764 ad
2812 4715 3115 4766 weitaim.
3168 4712 3219 4778 ⁸)
3257 4713 3785 4779 Vuanghclmero
3819 4725 4057 4764 κιαι-εει.

1277 4791 1330 4857 ⁸)
1352 4793 1667 4844 madibah.
1696 4788 1750 4853 Ι”·)
1768 4789 2119 4853 Giusunga.
2155 4784 2636 4855 ⁸)llruadbugg.
2673 4783 2727 4848 ⁸)
2752 4785 3201 4835 Galtreshelm.
3244 4781 3719 4847 ¹⁰)Theothart.
3754 4779 4061 4847 ¹¹)‘1'heo-

1277 4863 1668 4912 tricheahus.
1713 4857 1784 4924 ¹¹)
1813 4860 1866 4908 in
1891 4859 2025 4918 uilla
2048 4858 2221 4908 salu.
2265 4853 2339 4921 ¹⁸)
2367 4857 2602 4906 Gundo.
2648 4853 2717 4919 ι4)
2748 4855 3238 4905 orthereahusa.
3270 4850 3575 4938 ¹J)1ppin.
