4821 5976
2051 844 2204 925 cap.
2239 844 2340 907 60.
2376 842 2478 907 σι.
3541 846 3671 907 ιω

869 1014 1250 1099 Egbertus
1281 1016 1586 1077 nominet
1620 1020 1682 1075 et
1713 1013 1986 1095 quedam
2013 1020 2306 1075 matrona
2337 1010 2649 1075 comitissa
2677 1013 2941 1077 Albrat
2970 1012 3203 1094 aliique
3244 1032 3433 1096 quam
3462 1016 3678 1094 plures

871 1102 1130 1165 nobiles.
1155 1102 1432 1162 comites.
1468 1117 1544 1160 ac
1575 1100 1831 1161 iudices.
1862 1100 1932 1159 In
1964 1118 2089 1179 quo
2122 1105 2461 1160 conuentu.
2494 1098 2925 1179 inconspectu
2950 1104 3227 1160 omnium
3252 1104 3361 1180 qui
3384 1101 3669 1163 aderant.

872 1187 1100 1249 eadem
1128 1191 1420 1248 matrona
1449 1184 1700 1247 tradidit
1729 1184 1850 1245 deo
1885 1192 1946 1245 et
1978 1201 2093 1245 sco
2125 1184 2459 1247 Bonifacio
2492 1186 2730 1244 martiri
2777 1182 3089 1264 quoddam
3122 1186 3565 1247 monasterium
3602 1190 3669 1247 in

868 1270 1133 1333 Banze
1164 1272 1606 1331 constructum.
1639 1286 1754 1348 pro
1784 1270 2064 1331 remedio
2097 1273 2310 1333 anime
2342 1271 2471 1329 sue.
2504 1276 2570 1329 et
2600 1268 2881 1331 defuncti
2911 1272 3114 1330 mariti
3155 1272 3250 1331 sui
3294 1290 3373 1333 ac
3402 1271 3669 1333 filiorum

870 1360 1110 1437 requie.
1153 1356 1288 1416 Hoc
1329 1362 1570 1415 tantum
1611 1373 1651 1414 a
1681 1353 1961 1432 predicto
1994 1354 2226 1415 abbate
2264 1354 2518 1435 prefata
2554 1360 2845 1415 matrona
2890 1358 3173 1434 expetiit.
3222 1363 3288 1416 ut
3328 1359 3393 1416 in
3441 1356 3669 1418 eodem

871 1440 1248 1504 monasterio
1296 1432 1640 1501 secundum
1683 1439 1972 1520 regulam
2028 1442 2127 1500 sci
2165 1438 2493 1501 Benedicti
2536 1439 2892 1499 monachos
2934 1441 3283 1501 institueret
3321 1448 3669 1521 ceteraque
3722 1491 3725 1493 a

869 1526 1094 1607 regule
1117 1527 1538 1605 congruentia
1561 1525 1909 1604 adaptaret.
1933 1524 2206 1583 Tradidit
2232 1542 2388 1605 ergo
2415 1526 2571 1585 sicut
2594 1525 2826 1585 dictum
2859 1525 2949 1584 est
2971 1526 3355 1586 uenerabilis
3379 1532 3669 1588 matrona

869 1610 1141 1673 eundem
1173 1611 1382 1671 locum
1412 1612 1562 1672 suae
1588 1609 1854 1670 dicionis
1873 1610 1978 1672 sco
2000 1608 2328 1671 Bonifacio
2355 1628 2498 1669 cum
2524 1609 2817 1671 omnibus
2849 1611 3387 1687 compertinentiis
3406 1617 3467 1671 et
3492 1610 3669 1671 adia-

869 1686 1162 1757 centibus
1194 1696 1380 1755 bonis
1403 1700 1466 1755 et
1495 1693 1743 1773 prediis.
1775 1696 2134 1772 mancipiis.
2169 1701 2229 1753 et
2259 1711 2402 1754 cum
2450 1697 2619 1753 omni
2662 1712 2907 1773 genere
2946 1694 3240 1765 utilitatis.
3272 1696 3398 1754 1111.
3433 1696 3669 1757 scilicet

865 1784 1180 1841 territoria
1210 1782 1273 1839 in
1303 1779 1764 1860 Banzgowe.
1805 1779 1872 1839 V.
1927 1781 1992 1840 in
2036 1779 2489 1861 salzungen.
2537 1787 2598 1839 et
2644 1778 2768 1838 v11.
2809 1782 2874 1839 in
2916 1782 3185 1860 regione
3226 1779 3665 1842 Hessonum.

865 1863 1048 1929 Han'c
1085 1864 1484 1927 traditionem
1529 1865 1803 1946 suscepit
1831 1862 2274 1929 Gerhardus
2307 1864 2659 1929 aduocatus
2693 1863 2997 1928 fuldensis
3040 1865 3405 1929 monasterii
3454 1882 3667 1929 coram

867 1950 1082 2013 multis
1109 1950 1394 2013 testibus.
1487 1954 1496 1961 ’
3535 1953 3544 1967 “

1048 2118 1398 2197 (154“’).60
1414 2120 1472 2181 b.
1503 2119 1688 2181 Anno
1715 2114 1772 2195 1)
1812 2118 1894 2181 ab
1915 2120 2356 2183 incarnatione
2376 2117 2483 2182 dni
2507 2118 2917 2181 ,ncccc.xL.
2938 2118 3416 2183 Adelbertus
3444 2136 3667 2181 comes

867 2202 950 2267 de
977 2203 1464 2267 Altenburch.
1496 2204 1652 2266 trad.
1687 2220 1802 2265 sco
1833 2204 2162 2265 Bonifacio
2193 2204 2402 2271 locum
2444 2211 2511 2265 et
2538 2206 2983 2267 monasterium
3026 2204 3194 2289 quod
3234 2204 3327 2267 est
3363 2207 3431 2265 in
3458 2205 3669 2266 thar·-

865 2288 984 2353 his
993 2290 1066 2351 se
1099 2290 1278 2351 situm
1307 2292 1374 2351 in
1405 2289 1586 2351 litore
1615 2290 1760 2349 Moi
1789 2288 2066 2349 fluminis
2089 2308 2234 2352 cum
2257 2290 2552 2351 omnibus
2584 2290 3127 2368 compertinentiis
3149 2289 3291 2350 suis.
3326 2306 3407 2351 eo
3438 2296 3665 2353 tenore

866 2381 936 2439 ut
966 2391 1009 2435 a
1036 2374 1302 2436 fuldensi
1333 2375 1714 2435 monasterio
1745 2373 1911 2435 idem
1945 2374 2122 2433 locus
2145 2380 2427 2454 regatur.
2462 2380 2526 2435 et
2556 2375 3075 2437 consuetudinem
3100 2374 3444 2435 secundum
3475 2393 3671 2455 regu-

866 2456 992 2521 lam
1024 2461 1124 2521 sci
1150 2459 1476 2521 Benedicti
1507 2459 1858 2520 conseruet.
1891 2458 1965 2518 Et
1993 2465 2062 2517 ut
2089 2457 2213 2519 hoc
2245 2477 2324 2519 eo
2356 2458 2723 2520 credibilius
2754 2458 3058 2521 uideatur.
3092 2465 3157 2519 et
3193 2456 3505 2521 credatur.
3536 2462 3669 2521 uite

865 2542 1060 2607 finem
1111 2542 1328 2620 (156⁸)
1369 2546 1511 2604 eius
1553 2542 1802 2605 comitis
1832 2542 2227 2603 Adelberti
2258 2542 2362 2603 hic
2407 2544 2751 2603 inserimus.
2800 2541 2964 2604 Otto
2997 2560 3281 2624 magnus
3328 2546 3667 2622 imperator

869 2626 1029 2693 duos
1041 2627 1260 2691 habuit
1283 2632 1600 2707 cognatos
1627 2646 1712 2687 ex
1735 2625 1948 2687 sorore
1971 2628 2250 2705 genitos.
2277 2644 2540 2705 quorum
2576 2627 2739 2686 unus
2760 2626 3225 2688 Ludewicus.
3258 2628 3419 2691 alter
3444 2630 3671 2691 Hein-

867 2715 1082 2778 ricus
1105 2713 1473 2775 uocabatur.
1498 2710 1614 2785 Qui
1639 2711 1822 2773 ambo
1847 2709 2338 2790 frequentabant
2359 2709 2590 2790 prefati
2612 2710 2861 2773 comitis
2873 2710 2979 2773 Ad
2994 2711 3263 2773 elberti
3288 2712 3671 2775 domicilium

867 2801 934 2859 in
963 2797 1248 2878 predicto
1271 2798 1474 2860 castro
1501 2796 1724 2859 Alten
1741 2798 1926 2859 burc
1957 2798 2374 2859 constitutum.
2397 2797 2686 2858 Habebat
2708 2798 2945 2876 quippe
2965 2795 3432 2859 Adelbertus
3456 2799 3675 2861 comes

865 2883 1028 2949 duas
1051 2883 1214 2945 filias
1238 2883 1486 2945 nubiles
1510 2888 1700 2961 atque
1731 2880 2200 2959 pulcherrimas.
2242 2882 2527 2961 Cumque
2557 2882 2770 2960 sepius
2815 2882 3131 2943 uenissent
3174 2886 3433 2962 cognati
3466 2886 3667 2961 impe-

863 2968 1093 3030 ratoris
1113 2968 1202 3030 illi
1232 2966 1357 3031 duo
1388 2967 1627 3029 fratres.
1662 2967 2082 3028 fornicatione
2114 2969 2287 3028 abusi
2318 2968 2459 3028 sunt
2486 2985 2610 3028 nee
2640 2967 2921 3048 legitimo
2946 2969 3340 3030 matrimonio
3373 2968 3665 3031 eiusdem

866 3051 1190 3118 Adelberti
1221 3057 1470 3116 comitis
1502 3053 1754 3114 filiabus
1786 3055 2092 3132 coniungi
2123 3052 2478 3113 uoluerunt.
2512 3051 2685 3112 Vnde
2714 3055 2918 3114 iratus
2948 3052 3166 3114 comes
3205 3044 3425 3114 ambos
3448 3053 3661 3134 gladio

869 3137 1120 3202 occidit.
1151 3141 1499 3219 Imperator
1527 3155 1681 3198 uero
1713 3143 1780 3196 ut
1801 3140 2110 3213 comperit
2138 3137 2455 3216 cognatos
2479 3136 2624 3196 suos
2640 3137 2895 3196 occisos.
2927 3136 3077 3197 data
3107 3137 3417 3198 sententia
3439 3137 3665 3200 Adel·-

865 3221 1167 3288 bertum
1198 3224 1491 3285 comitem
1523 3221 1823 3282 decollari
1853 3222 2160 3300 precepit.
2186 3224 2252 3282 in
2283 3221 2427 3282 loco
2458 3222 2568 3299 qui
2595 3219 2823 3282 dicitur
2850 3221 3159 3282 Gremes
3162 3222 3330 3285 torf.
3364 3222 3481 3296 Qui
3512 3229 3663 3284 ante

864 3304 1354 3372 decollationem
1383 3305 1634 3369 tradidit
1664 3323 1780 3368 sco
1810 3305 2138 3368 Bonisacio
2168 3312 2297 3367 tam
2327 3306 2525 3386 ipsum
2564 3305 2769 3368 locum
2810 3304 3153 3367 tharisse.
3201 3325 3391 3386 quam
3442 3315 3662 3372 cetera

863 3393 1034 3457 bona
1061 3393 1192 3458 fua.
1223 3393 1634 3474 sepultusque
1665 3393 1852 3455 estin
1881 3390 2109 3454 eodem
2139 3391 2539 3455 monasterio.
2572 3393 2737 3454 sicut
2765 3391 2975 3454 multis
2998 3399 3213 3455 notum
3246 3393 3357 3454 est.

1034 3561 1138 3627 61.
1181 3563 1369 3629 Anno
1393 3560 1454 3642 ²)
1517 3564 1598 3625 ab
1635 3563 2076 3626 incarnatione
2123 3561 2232 3624 dni
2269 3561 2542 3624 Dcccc,
2573 3560 2790 3624 LXXX.
2818 3561 2995 3624 VIIII.
3040 3559 3425 3624 uenerabilis
3461 3562 3663 3624 abbas

859 3647 1286 3710 Richardus
1309 3651 1414 3729 qui
1447 3647 1609 3711 duas
1633 3648 1807 3709 simul
1841 3648 2143 3709 abbacias
2164 3647 2330 3708 bene
2363 3647 2777 3727 gubernabat.
2810 3647 3261 3709 Fuldensem
3301 3653 3367 3710 et
3395 3648 3659 3709 Amar-

859 3735 1052 3796 bace
1066 3736 1154 3796 ns
1163 3753 1292 3796 em.
1318 3733 1549 3798 uidens
1571 3736 1640 3796 in
1661 3733 2016 3814 priuilegiis
2032 3735 2435 3813 antiquarum
2456 3731 2858 3794 traditionum
2883 3731 3155 3794 eundem
3178 3732 3385 3796 locum
3412 3733 3461 3792 A
3475 3752 3533 3808 m
3550 3751 3657 3792 ar·—

825 3889 830 3894 ,
860 3818 1008 3880 bah
1039 3817 1307 3881 fuldensi
1339 3820 1480 3882 loco
1511 3821 1650 3882 iure
1679 3818 1916 3880 debere
1947 3821 2237 3881 attinere.
2270 3836 2350 3880 eo
2382 3817 2550 3897 quod
2582 3834 2770 3878 omne
2799 3816 3084 3894 predium
3116 3825 3183 3880 et
3218 3817 3450 3880 fundus
3482 3820 3659 3880 eius-

860 3899 1004 3966 dem
1033 3903 1158 3966 loci
1191 3922 1230 3963 a
1257 3903 1516 3967 flumine
1545 3921 1794 3984 mogo.
1838 3904 2040 3982 usque
2081 3903 2164 3964 ad
2205 3901 2641 3966 Cocharam.
2676 3909 2741 3964 et
2783 3903 3150 3984 Iagesam.
3192 3909 3256 3966 et
3299 3904 3497 3983 usque
3540 3921 3659 3982 per

857 3987 908 4046 N
918 3986 1057 4047 ech
1072 4005 1274 4048 aram
1305 3987 1563 4048 fluuium
1597 4007 1636 4048 a
1663 3988 1932 4049 fuldensi
1961 3989 2338 4050 monasterio
2371 3987 2531 4047 esset
2562 3995 2912 4066 acceptum.
2946 3986 3265 4049 edificauit
3292 3988 3378 4050 ibi
3418 4007 3657 4054 nouum

856 4073 1303 4136 monasterium
1347 4080 1411 4134 et
1455 4071 1608 4136 fecit
1657 4072 1808 4136 illud
1862 4073 2141 4136 dedicari
2188 4081 2251 4134 et
2304 4072 2601 4135 ordinari.
2642 4075 2707 4134 in
2750 4073 2991 4134 honore
3037 4091 3291 4136 scotum
3332 4077 3653 4134 martirum

856 4155 1162 4236 Simplicii
1201 4164 1266 4219 et
1308 4159 1612 4222 Faustini.
1661 4161 1770 4239 qui
1813 4159 2224 4238 corporaliter
2269 4160 2336 4220 in
2375 4158 2639 4220 fuldensi
2690 4159 3091 4238 requiescunt
3128 4159 3527 4222 monasterio.
3574 4177 3656 4220 eo

853 4248 1076 4326 tergore
1105 4249 1172 4302 ut
1204 4244 1365 4306 esset
1393 4244 1664 4306 euidens
1695 4242 2012 4306 indicium.
2045 4247 2198 4323 quia
2225 4244 2402 4306 locus
2425 4243 2530 4306 ille
2582 4262 2625 4306 a
2660 4241 2926 4306 fuldensi
2956 4244 3335 4306 monasterio
3364 4246 3656 4324 primitus

859 4327 1103 4407 sumpsit
1132 4330 1410 4391 inicium.
1444 4335 1508 4390 et
1537 4329 1896 4408 prediorum
1923 4333 2404 4392 incrementum.

1034 4461 1256 4544 (155⁶)
1309 4463 1471 4526 Sunt
1497 4462 1558 4546 ²)
1605 4471 1900 4546 preterea
1937 4467 2204 4545 plurima
2247 4466 2627 4527 monasteria
2671 4481 2796 4546 que
2848 4461 2928 4524 de
2967 4462 3236 4525 fuldensi
3273 4461 3651 4524 monasterio

995 4691 1042 4756 ¹)
1071 4695 1246 4758 Vergl.
1277 4696 1494 4744 Brower
1517 4696 1663 4744 Fuld.
1691 4655 1854 4756 antiq.
1877 4710 1928 4759 p.
1947 4695 2060 4746 143.
2099 4695 2149 4753 ²)
2177 4697 2353 4761 Vergl.
2382 4698 2604 4746 Brower
2628 4695 2877 4746 ebendas.
2912 4693 3005 4744 Die
3029 4690 3343 4742 Jahreszahl
3370 4688 3455 4738 bei
3478 4687 3648 4738 Eber-

851 4761 984 4810 hard
1008 4762 1081 4811 ist
1119 4765 1314 4826 falsch,
1341 4765 1412 4813 da
1446 4763 1673 4813 Richard
1715 4763 1844 4813 1018
1880 4765 2014 4814 oder
2052 4765 2184 4814 1019
2209 4765 2312 4814 ΑΜ
2345 4767 2549 4814 warde.
2602 4761 2653 4828 ⁸)
2686 4765 2864 4827 Ver-gl.
2892 4763 3112 4810 Brower
3143 4775 3192 4821 p.
3232 4759 3342 4808 144.

3118 4842 3233 4904 18*
