4821 5976
2016 859 2166 942 Cap.
2198 844 2301 923 36.
2334 861 2433 923 37.
3297 923 3310 938 ,
3441 899 3450 912 1
3539 863 3632 927 07

833 1033 1259 1112 das2Dimidia
1284 1049 1447 1094 urna
1487 1031 1695 1094 mellis
1738 1032 1843 1094 uel
1870 1048 1985 1113 pro
2014 1031 2201 1094 melie
2232 1029 2373 1096 Am.
2398 1031 2786 1113 quadrantes
2819 1035 2972 1096 uini.
3011 1034 3272 1116 Septem
3300 1055 3459 1102 arne
3487 1041 3628 1104 ce'r·

832 1125 1007 1186 uisie.
1038 1128 1285 1204 pratum
1314 1135 1463 1181 uum
1506 1119 1699 1200 equis.
1730 1117 1801 1180 ln
1836 1118 1993 1198 seito
2028 1123 2303 1182 omnium
2334 1121 2690 1182 sanctorum
2729 1119 3020 1183 similiter.
3057 1121 3185 1184 [ΠΙ.
3220 1125 3410 1188 modii
3439 1131 3626 1192 tritici

832 1217 896 1272 et
927 1210 991 1272 .I.
1024 1205 1289 1294 siliginis
1314 1205 1399 1268 Ν.
1431 1210 1605 1286 porci
1637 1205 1754 1267 .ῙΠ.
1800 1207 2079 1267 annales.
2120 1213 2385 1287 quartus
2429 1205 2667 1269 dimidii
2706 1197 2860 1269 an'ni
2897 1211 3154 1289 quintus
3187 1209 3322 1273 ‚xL.
3364 1210 3625 1278 dierum.

830 1297 953 1358 vll.
986 1294 1243 1377 galline.
1273 1292 1371 1353 XV
1403 1294 1571 1354 casei
1601 1299 1665 1353 et
1694 1310 1862 1355 unus
1892 1293 2190 1354 mensalis
2232 1294 2482 1356 caseon.
2523 1293 2629 1353 uel
2675 1293 2798 1354 duo
2843 1297 3022 1374 parui
3065 1296 3237 1358 casei
3277 1315 3394 1377 pro
3425 1318 3524 1363 eo.
3557 1299 3625 1364 C.

832 1375 977 1444 oua.
1012 1383 1401 1443 ferramenta
1430 1377 1511 1441 ad
1554 1377 1717 1440 duos
1748 1381 1950 1459 equos
1984 1385 2049 1440 et
2088 1378 2428 1442 dimidium.
2476 1378 2770 1441 dimidius
2804 1397 2977 1461 aper.
3019 1381 3120 1442 XV
3161 1385 3354 1445 modii
3395 1404 3646 1452 auene..

732 1468 735 1476 '
832 1470 1062 1531 Cetera
1113 1469 1269 1528 sicut
1321 1467 1627 1546 superius.
1680 1465 1749 1525 In
1802 1464 2043 1526 Pascha
2094 1465 2349 1528 dimidia
2398 1483 2602 1547 perna
2654 1465 2718 1528 .1.
2759 1464 3014 1546 scapula
3068 1469 3131 1530 .Ῑ.
3185 1469 3439 1533 hamma
3483 1489 3628 1538 cum

810 1551 1268 1637 ,osselongo.¹)
1302 1553 1583 1614 Salsucia
1601 1551 1967 1632 .V.Reh‘qua
1994 1559 2209 1632 preter
2231 1569 2448 1632 aprum
2483 1552 2637 1614 sicut
2663 1555 2730 1613 in
2752 1551 2922 1638 septo
2950 1557 3228 1617 omnium
3251 1556 3625 1624 sanctorum.
3729 1571 3754 1582 ·

830 1641 963 1704 Hec
997 1643 1209 1702 omnia
1240 1640 1320 1702 ad
1348 1648 1593 1720 portam
1624 1639 1981 1699 monasterii
2007 1637 2357 1700 aduncatus
2383 1637 2724 1718 expendat.
2749 1645 2816 1700 et
2837 1640 3243 1705 Portenarius
3269 1661 3348 1706 ac
3370 1647 3628 1710 ministri

830 1731 976 1790 eius
1006 1729 1311 1789 iusticiam
1343 1726 1517 1788 suam
1547 1743 1633 1788 ex
1670 1725 1773 1786 his
1802 1725 2021 1786 tollant
2066 1723 2283 1788 ‚xan
2327 1725 2545 1806 panes.
2577 1723 2802 1786 xvlm.
2845 1727 3136 1789 scutellas
3167 1734 3472 1794 carnium.
3515 1734 3628 1796 sex

832 1813 1077 1878 caseos.
1112 1813 1523 1896 quadrantem
1581 1815 1733 1874 uini.
1779 1827 1972 1872 unam
2010 1812 2297 1872 ceruisie.
2344 1810 2525 1885 Quod
2567 1814 2616 1873 fi
2645 1811 2810 1875 alias
2832 1813 3182 1878 aduncatus
3219 1813 3488 1880 seruicia
3517 1818 3629 1882 sua

831 1902 1202 1965 consumere
1230 1900 1518 1961 uoluerit.
1550 1901 1811 1982 picaria.
1844 1899 2119 1986 scutelie.
2154 1898 2294 1959 olle.
2326 1898 2503 1980 ligna
2535 1901 2600 1960 in
2628 1907 2814 1979 porta
2843 1909 3234 1964 remaneant.
3265 1904 3458 1966 Facte
3490 1906 3630 1968 runt
3705 1957 3716 1972 .

830 1994 1041 2050 autern
1072 1985 1155 2048 he
1183 1987 1559 2049 traditiones
1581 1993 1645 2047 et
1672 1984 2085 2058 condiciones
2104 1987 2293 2045 immo
2326 1991 2391 2046 et
2421 1985 2946 2048 confirmationes.
2980 1988 3164 2049 Anno
3196 1989 3509 2053 dominice
3531 1995 3628 2054 in-

828 2073 1217 2136 carnationis
1242 2073 1504 2136 ‚Dccc⁰.
1536 2074 1603 2135 L.
1634 2073 1733 2133 11⁰.
1764 2069 2108 2133 indictione
2134 2069 2268 2132 XV.
2300 2070 2640 2154 Regnante
2677 2071 2974 2134 Lothario
3003 2076 3401 2156 imperatore.
3460 2077 3534 2138 Et
3561 2075 3628 2141 hi

832 2162 971 2221 mut
1004 2161 1200 2222 testes
1233 2160 1421 2222 huius
1455 2158 1809 2220 traditionis
1852 2155 2299 2219 conuentionis
2334 2164 2398 2218 et
2449 2159 2957 2220 confirmationis.
2999 2156 3366 2224 Rudolfus
3394 2164 3625 2225 comes.

829 2246 1106 2307 Hazzo
1161 2243 1456 2308 decanus.
1516 2243 1763 2307 Weci}
1813 2243 2186 2324 prepositus.
2251 2243 2478 2306 anm
2500 2262 2592 2306 an
2657 2247 3058 2308 camerarius.
3121 2248 3622 2334 Reginherus.

700 2363 707 2372 ·
829 2329 1329 2416 wignandus.
1374 2329 1857 2393 Germundus.
1909 2327 2434 2412 Eggehardus.
2489 2332 3040 2394 winomannus.
3092 2331 3626 2414 EppelinuS.

828 2404 1281 2500 Ruggeruss‘
1293 2423 1357 2477 et
1382 2417 1487 2478 alii
1506 2415 1700 2476 multi.
1725 2413 2101 2501 Quicunque
2121 2415 2288 2476 hanc
2311 2415 2708 2479 traditionem
2739 2425 2803 2479 et
2823 2415 3366 2482 confirmationem
3389 2425 3625 2484 irritam
3660 2465 3700 2499 9
3761 2399 3766 2407 ⁶

828 2503 1073 2566 fecerit.
1104 2503 1342 2585 absque
1370 2501 1561 2564 dubio
1589 2503 1655 2562 in
1687 2507 1972 2562 eternum
2000 2501 2249 2581 peribit.
2280 2501 2506 2564 Amen.

834 2724 1015 2809 (⁷1⁵)
1060 2726 1186 2799 37.
1221 2721 1619 2823 Descriptio
1652 2722 1929 2797 reditus
1963 2732 2153 2800 terre
2180 2723 2578 2799 Fresonum
2613 2725 2749 2802 sub
2783 2725 3190 2802 Hadamaro
3224 2729 3488 2807 abbate
3527 2728 3624 2812 ¹).

988 2913 1133 2993 Post
1155 2913 1485 2979 multorum
1509 2929 1815 2976 annorum
1830 2910 2141 2978 curricula
2164 2931 2251 2976 ex
2270 2933 2395 2997 quo
2421 2915 2538 2977 fre
2552 2916 2608 2975 si
2622 2933 2662 2976 a
2681 2933 2798 2997 per
2817 2916 3314 2997 predicationem
3336 2937 3626 3003 euange-

818 3005 941 3067 lice
971 3004 1271 3065 ueritatis.
1304 3001 1771 3081 et·triumphum
1800 3004 2063 3063 martirii
2091 3003 2430 3064 beatissimi
2459 3002 2768 3065 Bonisacii
2800 3004 3057 3065 subacta
3087 3006 3196 3065 est.
3229 3008 3633 3069 uenerabiles

817 3091 993 3170 multi
1022 3091 1215 3152 huius
1248 3090 1351 3151 soe
1380 3088 1682 3150 fuldensis
1706 3088 1976 3149 ecclesie
2009 3091 2351 3150 extiterunt
2380 3089 2597 3167 patres
2619 3095 2685 3149 et
2725 3090 2970 3168 prelati.
3001 3093 3108 3170 qui
3141 3110 3284 3151 eum
3323 3092 3446 3154 deo
3491 3111 3626 3157 om·

820 3181 1129 3259 nipotenti
1156 3175 1427 3237 libenter
1456 3192 1533 3235 ac
1564 3172 1795 3234 deuote
1827 3174 2065 3233 seruire
2095 3174 2480 3256 satagerent.
2512 3190 2730 3235 eorum
2759 3173 3058 3236 industria
3097 3192 3226 3237 non
3274 3178 3466 3239 solum
3509 3198 3626 3240 ex·-

820 3264 1088 3339 teriores
1111 3269 1175 3323 et
1202 3260 1420 3342 procul
1450 3259 1652 3339 posite
1682 3259 1787 3319 res
1808 3260 2189 3321 monasterii.
2251 3259 2357 3321 sed
2388 3266 2454 3320 et
2497 3262 2834 3322 interiores
2865 3268 2930 3321 et
2961 3262 3265 3341 spiritales
3287 3260 3520 3325 diuic‘ie
3557 3269 3630 3328 in

821 3356 1061 3410 tantum
1094 3350 1561 3411 succi-eueniat.
1592 3350 1659 3406 ut
1688 3345 2037 3407 thesaurus
2060 3344 2285 3407 domus
2318 3346 2422 3409 dei
2442 3350 2512 3408 in
2540 3352 2780 3409 tantam
2812 3350 3248 3410 enormitatem
3286 3351 3626 3413 excresce-
3740 3408 3748 3415 .

819 3443 933 3497 ret.
962 3436 1255 3509 ut,etiam
1299 3447 1497 3495 arene
1538 3434 1735 3493 maris
1776 3440 1843 3493 et
1883 3432 2097 3513 pluuie
2135 3434 2332 3514 guttis
2356 3439 2796 3514 coequaretur.
2838 3434 3014 3495 Vnde
3056 3436 3321 3519 contigit
3359 3443 3427 3497 ut
3477 3454 3624 3500 cum

818 3528 1035 3603 patres
1086 3521 1279 3582 nostri
1325 3521 1658 3581 securitate
1702 3526 1970 3598 accepta
2020 3536 2137 3598 per
2172 3518 2385 3581 felicia
2427 3524 2715 3599 tempora
2741 3520 3015 3603 gloriose
3058 3524 3254 3583 uitam
3295 3522 3622 3607 ducerent.

820 3617 1179 3669 exterarum
1211 3612 1275 3668 et
1306 3607 1498 3687 longe
1528 3606 1866 3685 positarum
1896 3604 2345 3686 poffeffionum
2376 3605 2702 3667 diminutio
2729 3624 2846 3687 per
2875 3608 3621 3691 neglegentiamprepo-

822 3696 1069 3755 litorum
1114 3694 1491 3755 inolesceret
1526 3694 1593 3753 in
1631 3698 1891 3753 tantum.
1934 3699 2003 3751 ut
2043 3692 2123 3752 ab
2162 3693 2489 3752 extrancis
2521 3694 2919 3755 inuasoribuo
2956 3694 3226 3773 plurima
3261 3698 3622 3761 monasterii

818 3780 1037 3862 predia
1068 3780 1177 3841 sub
1209 3782 1559 3841 uoraoitate
1590 3776 1893 3839 laicorum
1922 3780 2143 3857 polita.
2174 3792 2344 3857 pene
2374 3780 2614 3839 irretita
2644 3785 2709 3839 et
2737 3780 3021 3859 inpedita
3049 3781 3431 3845 uiderentur.
3464 3801 3624 3864 quo·-

821 3866 1101 3948 adusque
1132 3866 1252 3928 dns
1284 3864 1755 3927 Hadamarus
1779 3865 1979 3925 abbae
2011 3864 2355 3949 religiosus.
2390 3866 2486 3925 uir
2514 3864 2814 3927 strenuus.
2847 3872 2912 3928 et
2945 3875 3226 3929 maxima
3270 3869 3622 3951 sagacitate

818 3954 1063 4036 ingenii
1094 3952 1395 4033 preditus.
1438 3954 1653 4013 omnia
1694 3952 2166 4031 perspicacibua
2212 3951 2414 4013 oculis
2447 3952 2514 4012 in
2559 3950 2752 4013 corde
2791 3953 3196 4031 perium-ane.
3241 3957 3627 4017 uoracitatef

818 4040 1095 4102 saucium
1124 4047 1555 4121 -tyraanorum
1598 4040 1973 4099 exinaniuit.
2018 4045 2086 4099 et
2136 4054 2257 4099 eos
2296 4054 2339 4099 a
2384 4036 2688 4100 fuidensis
2719 4040 3080 4101 monasterii
3121 4042 3488 4121 rapacitatis
3524 4043 3626 4105 siti

816 4124 1142 4206 preualida
1176 4126 1437 4187 retraxit
1457 4140 1477 4198 3
1500 4121 1999 4204 percurrensque
2028 4126 2241 4187 omnia
2270 4123 2502 4204 prefati
2527 4124 2892 4187 monasterii
2929 4125 3169 4205 predia.
3213 4146 3340 4209 que
3383 4129 3464 4189 ab
3503 4130 3624 4190 im·

817 4210 1216 4293 perator-ibus
1248 4218 1312 4273 et
1342 4212 1605 4293 reg-ibus
1636 4212 1871 4272 ceteris
1885 4210 2178 4273 fidelibus
2201 4227 2244 4272 a
2264 4209 2470 4291 prisco
2492 4217 2778 4292 tempore
2800 4212 2989 4274 beato
3019 4212 3343 4275 Bonisaeio
3367 4214 3622 4277 fuerant

819 4298 1190 4359 contradita.
1206 4299 1405 4378 usque
1428 4292 1511 4359 ad
1532 4297 1669 4358 Fre
1683 4296 1716 4358 s
1720 4314 1813 4359 on
1826 4296 1909 4357 es
1918 4295 2321 4379 indagandos
2325 4299 2974 4378 peruenit.Accersito
2989 4302 3206 4380 itaque
3228 4302 3618 4364 Get-berto.
3695 4302 3703 4309 ’

817 4382 1064 4467 Regin
1104 4384 1279 4461 (72⁸)
1318 4384 1523 4445 berti
1544 4382 1813 4464 prefecti
1834 4383 1983 4446 fflio.
2015 4382 2482 4465 inquisitionem
2511 4382 2594 4447 de
2616 4385 2910 4447 omnibus
2927 4389 3026 4447 aci
3041 4386 3350 4450 Bonifatii
3378 4389 3539 4451 locis
3550 4391 3627 4449 in·

816 4469 985 4533 iliius
1013 4476 1183 4531 terre
1213 4470 1497 4549 partibus
1526 4471 1887 4531 iacentibus
1918 4470 2089 4532 fecit.
2122 4470 2407 4551 cunque
2437 4484 2554 4550 per
2583 4471 2838 4533 nuntios
2873 4473 3019 4539 suos
3055 4480 3122 4535 et
3161 4492 3275 4554 per
3314 4475 3379 4548 se
3417 4475 3616 4555 ipihm

820 4557 1041 4617 omnes
1089 4556 1318 4619 census
1354 4552 1785 4639 inuestigaret.
1838 4557 2167 4640 regressus
2203 4556 2439 4620 fuldam
2477 4557 2844 4641 ducensque
2887 4559 3098 4621 secum
3141 4560 3242 4623 Ge
3259 4562 3614 4623 rhoetum.

948 4734 1009 4800 ,1)
1046 4738 1218 4789 Ueber
1250 4738 1394 4788 osse
1426 4739 1627 4803 longo
1654 4737 1805 4787 steht
1836 4732 1923 4790 die
1956 4738 2159 4791 Glorret
2186 4740 2381 4791 lanei)
2396 4739 2558 4791 eine.
2607 4736 2662 4805 ¹)
2698 4740 2758 4792 V.
2792 4739 2920 4805 cap.
2957 4742 3006 4790 ’1.
3040 4742 3264 4795 Brover
3294 4741 3459 4805 antiq.
3489 4738 3611 4793 2⁶1.

819 4805 1103 4856 schannat.
1130 4808 1245 4857 hist.
1270 4808 1417 4858 rum.
1442 4808 1561 4859 cod.
1586 4806 1797 4872 probat.
1827 4808 1941 4858 144.
3107 4879 3145 4941 9
3161 4878 3196 4919 *
