4821 5976
1048 830 1187 895 154·
1724 832 1745 839 “
2319 826 2473 907 Cap.
2521 828 2622 887 76.

1052 998 1339 1081 exposita
1371 999 1463 1060 est
1493 1000 1665 1059 omni
1694 998 1963 1078 rapienti
1994 1003 2056 1057 ct
2087 994 2339 1059 dicenti.
2368 996 2554 1057 Meus
2585 1010 2664 1056 es
2693 1003 2780 1057 tu.
2811 1014 2996 1059 meus
3026 1015 3105 1059 es
3135 1006 3222 1061 tu.
3255 1016 3382 1081 ego
3411 1007 3476 1062 te
3517 1004 3580 1063 in
3621 1001 3840 1077 (192⁸)

1054 1084 1436 1149 beneficium
1468 1086 1770 1165 acquisiui
1790 1079 1823 1144 ‘s
1856 1083 1989 1143 Hec
2019 1089 2085 1143 et
2111 1081 2213 1142 his
2236 1080 2458 1145 similia
2487 1087 2551 1142 et
2579 1081 2773 1142 multo
2803 1086 3064 1144 maiora.
3107 1102 3185 1145 ac
3213 1089 3511 1165 grauiora
3548 1088 3718 1149 mala
3747 1104 3849 1148 ur-

1056 1172 1297 1254 gebant
1324 1170 1723 1251 precessores
1754 1169 1996 1228 nostros
2020 1165 2302 1228 uendere
2333 1173 2395 1228 et
2425 1164 2771 1244 dilapidare
2799 1169 2954 1229 uasa
2983 1175 3048 1230 et
3077 1170 3369 1231 utensilia
3395 1170 3622 1232 domus
3651 1172 3754 1233 dei
3785 1179 3848 1233 et

1054 1256 1410 1318 dilacerare
1455 1272 1533 1315 ac
1577 1254 1935 1332 discerpere
1985 1259 2358 1313 ornamenta
2400 1252 2694 1313 ecclesie.
2741 1253 2996 1333 quando
3045 1255 3322 1337 cogebat
3359 1256 3476 1317 eos
3507 1257 3849 1319 neceffitas

1057 1341 1295 1403 seruire
1340 1342 1521 1421 regie
1567 1345 1760 1419 atque
1798 1356 2061 1400 romane
2108 1341 2301 1398 curie.
2334 1340 2486 1417 quia
2527 1337 2781 1399 abbatie
2819 1342 3015 1401 totius
3055 1341 3294 1401 utilitas
3331 1344 3398 1401 in
3427 1360 3616 1401 mauu
3656 1342 3852 1402 laico-

1056 1445 1192 1486 rum
1222 1425 1424 1504 posita
1453 1423 1591 1484 fuit.
1630 1423 1705 1483 Et
1744 1425 1795 1484 si
1836 1422 2062 1503 aliquis
2095 1424 2190 1483 eis
2214 1422 2651 1483 contradicere
2690 1424 2882 1484 uellet
2921 1425 3236 1487 abbatum.
3279 1442 3356 1487 ac
3395 1426 3673 1487 iudiciali
3699 1427 3850 1507 lege

1055 1512 1353 1590 placitum
1386 1507 1635 1570 faciens
1658 1509 1965 1569 iusticiam
2004 1507 2083 1568 ab
2129 1508 2225 1568 eis
2248 1511 2588 1587 exquirere
2619 1510 2902 1587 cepisset.
2929 1511 3271 1591 ingeniosa
3309 1518 3373 1572 et
3401 1511 3632 1573 callida
3659 1530 3850 1593 argu-

1050 1597 1444 1655 mentatione
1472 1595 1626 1655 iuris
1651 1596 1744 1654 sui
1773 1592 1941 1673 quod
1971 1591 2192 1653 leben
2205 1612 2282 1653 re
2296 1592 2371 1653 ht
2399 1596 2727 1654 nominant
2756 1596 2992 1675 anguis
3011 1613 3188 1656 more
3217 1596 3299 1655 de
3329 1597 3624 1657 manibus
3653 1597 3848 1675 elapsi

1050 1698 1165 1759 per
1194 1678 1539 1740 amfractus
1563 1681 1912 1738 sermonum
1944 1678 2077 1737 sine
2109 1678 2218 1738 suo
2250 1676 2606 1739 discrimine
2636 1677 2993 1761 diffugiunt.
3025 1680 3160 1741 Hoc
3190 1698 3348 1761 ergo
3381 1700 3570 1743 omne
3598 1684 3849 1761 pericu-

1048 1765 1176 1826 lum
1222 1768 1288 1824 et
1326 1763 1594 1825 ecclesie
1632 1763 1783 1823 mihi
1827 1762 2153 1823 commisse
2197 1761 2589 1841 dispendium
2626 1782 2740 1841 pro
2784 1765 3076 1826 manibus
3109 1772 3171 1825 et
3215 1784 3328 1843 pro
3375 1767 3576 1827 oculis
3607 1766 3854 1826 habens

1051 1853 1195 1927 cepi
1224 1864 1473 1910 mecum
1502 1852 1773 1907 tractare
1805 1846 1955 1927 quid
1984 1846 2155 1908 sacto
2187 1864 2350 1926 opus
2382 1848 2562 1908 esset.
2593 1847 2916 1926 presertim
2946 1867 3091 1910 cum
3119 1849 3272 1910 mihi
3295 1851 3488 1911 multe
3511 1851 3848 1911 nasceren-

1050 1941 1150 1993 tur
1178 1931 1659 1993 contrarietates
1682 1938 1748 1992 et
1777 1932 2323 1992 contradictiones.
2358 1933 2405 1992 si
2437 1934 2774 2013 quicquam
2817 1934 3038 1993 horum
3075 1942 3322 1999 mutare
3362 1936 3466 1995 uel
3511 1935 3846 2014 prohibere

1049 2018 1299 2079 uellem.
1330 2018 1601 2077 Primum
1633 2034 1792 2099 ergo
1824 2017 2148 2078 confilium
2180 2035 2221 2077 a
2249 2016 2371 2079 deo
2404 2017 2729 2097 queritans
2750 2023 2948 2079 totum
2976 2036 3081 2079 me
3112 2022 3174 2080 ei
3203 2022 3502 2081 commin.
3541 2022 3650 2099 qui
3689 2020 3844 2079 solet

1048 2106 1113 2165 in
1129 2102 1426 2181 periculis
1435 2102 1788 2162 subuenire.
1814 2100 2037 2161 Statim
2052 2106 2158 2179 pie
2175 2102 2536 2162 consolatus
2552 2105 2619 2161 in
2635 2109 2874 2163 tantam
2895 2108 3130 2165 mentis
3155 2106 3568 2165 constantiam
3589 2102 3844 2165 deueni.

1051 2195 1117 2247 ut
1144 2206 1258 2267 pro
1287 2186 1519 2248 nichilo
1551 2186 1849 2247 ducerem
1882 2187 2225 2265 quamlibet
2264 2185 2727 2247 aduersitatem.
2767 2194 3007 2258 tantum
3038 2196 3106 2248 ut
3146 2191 3318 2249 stans
3362 2209 3474 2269 pro
3515 2188 3702 2249 domo
3742 2187 3846 2249 dei
3971 2184 3984 2193 “

1050 2272 1283 2353 aliquid
1320 2274 1565 2352 possem
1594 2270 1886 2350 prodesse
1926 2274 1989 2331 in
2036 2271 2229 2331 rebus
2274 2270 2672 2352 requirendis
2701 2278 2766 2333 et
2801 2274 3153 2335 retinendis
3194 2275 3303 2334 scu
3343 2273 3727 2352 recipiendis
3762 2276 3843 2335 ab

1046 2359 1400 2437 inportunis
1424 2364 1487 2417 et
1517 2355 1698 2417 malis
1722 2355 2101 2427 hominibus
2149 2356 2548 2437 Confilioque
2591 2357 2805 2418 habito
2849 2377 2934 2419 ex
2986 2362 3358 2420 auctoritate
3399 2359 3636 2420 domini
3675 2376 3842 2437 pape

1046 2442 1385 2523 Eugenii.
1418 2448 1483 2502 et
1509 2448 1811 2521 precepto
1842 2440 2076 2511 domini
2105 2444 2232 2521 mei
2256 2444 2432 2525 regis
2457 2441 2834 2505 Chunradi
2877 2444 3029 2503 nulli
3057 2444 3378 2504 hominum
3421 2445 3521 2503 uel
3568 2445 3843 2505 ministe-

1046 2528 1292 2588 rialium
1320 2543 1604 2587 meorum
1625 2528 1963 2606 quicquam
1988 2527 2103 2586 nisi
2132 2526 2300 2607 quod
2323 2528 2501 2587 suum
2532 2527 2623 2587 est
2651 2530 2716 2587 in
2747 2528 3062 2587 beneficio
3091 2529 3347 2605 prestiti.
3388 2526 3610 2604 (192⁵)
3657 2528 3844 2587 Cete-

1048 2630 1182 2673 rum
1226 2613 1274 2672 si
1319 2612 1468 2693 quid
1508 2612 1770 2673 haberet
1810 2629 1896 2671 ex
1933 2611 2263 2670 inuasione
2310 2612 2420 2671 seu
2461 2629 2544 2670 ex
2589 2616 2815 2689 rapina
2852 2610 2932 2671 de
2971 2612 3157 2672 bonis
3193 2612 3462 2673 ecclesie
3506 2616 3586 2673 ad
3624 2611 3852 2672 manus

1050 2695 1421 2760 contradixi.
1468 2696 1895 2757 villicationes
1916 2696 2077 2755 meis
2098 2695 2281 2755 laicis
2302 2695 2620 2756 interdixi.
2653 2697 2813 2776 quas
2840 2698 3037 2757 statim
3071 2714 3215 2757 cum
3244 2697 3542 2757 fratribus
3585 2698 3747 2757 meis
3779 2703 3846 2759 et

1050 2801 1193 2844 cum
1224 2779 1601 2863 quibusdam
1632 2782 1877 2841 rusticis
1900 2781 2057 2842 sicut
2084 2780 2239 2842 mihi
2266 2787 2468 2841 ratum
2501 2787 2562 2841 et
2593 2780 2938 2841 consultum
2970 2781 3299 2843 uidebatur
3339 2781 3627 2861 disposui.
3668 2781 3841 2842 Vnde

1052 2868 1256 2928 statim
1287 2868 1437 2947 quia
1464 2862 1666 2947 prim'a
1688 2868 1878 2929 coitio
1925 2868 2235 2927 acerrima
2272 2866 2365 2926 est
2403 2884 2706 2949 magnam
2748 2866 3309 2929 contradictionem
3355 2872 3547 2929 etiam
3586 2867 3848 2928 occisio-

1049 2971 1198 3014 nem
1240 2970 1519 3014 meorum
1562 2960 1627 3014 et
1664 2952 1987 3014 oculorum
2019 2954 2504 3013 excecationem
2549 2958 2611 3031 et
2660 2952 2771 3012 san
2825 2953 2990 3012 uinis
3024 2950 3394 3014 effusionem
3437 2954 3516 3015 ab
3553 2956 3854 3032 importu-

1049 3042 1247 3101 nitate
1278 3037 1690 3121 quorumdam
1720 3037 1966 3118 pertuli.
2007 3036 2137 3098 Sed
2176 3036 2327 3118 quid
2356 3037 2565 3098 multis
2597 3040 2786 3116 opus.
2845 3039 3018 3098 Deus
3061 3040 3461 3118 omnipotens
3499 3042 3600 3099 cui
3640 3056 3742 3098 me
3789 3045 3855 3098 et

1050 3126 1264 3185 omnia
1291 3141 1439 3185 mea
1467 3125 1765 3184 commisi.
1796 3125 1930 3202 ipse
1969 3122 2139 3184 dedit
2167 3125 2233 3184 in
2262 3122 2428 3184 meis
2449 3126 2670 3184 miram
2701 3129 2765 3184 et
2793 3123 3224 3185 incredibilem
3265 3127 3594 3185 uictoriam
3624 3123 3704 3185 de
3735 3125 3855 3183 ini-

1050 3211 1244 3271 micis.
1277 3216 1340 3269 et
1370 3209 1649 3272 hostibus
1682 3210 1972 3271 ecclesie.
2001 3212 2093 3270 ita
2121 3214 2189 3270 ut
2217 3208 2427 3269 multis
2443 3227 2744 3291 magnum
2779 3208 2928 3290 quid
2958 3209 3268 3270 uideatur.
3301 3209 3468 3290 quod
3499 3209 3687 3269 homo
3719 3209 3855 3269 sine

1052 3301 1383 3374 parentum
1424 3294 1752 3357 adiutorio.
1798 3294 2053 3354 aduena
2096 3299 2159 3352 et
2205 3294 2455 3354 alienus
2485 3297 2551 3354 in
2594 3294 2717 3354 hac
2764 3302 2934 3354 terra
2962 3301 3141 3355 tanta
3183 3299 3386 3373 potuit
3430 3295 3666 3356 facere.
3725 3292 3854 3354 Sed

1054 3397 1243 3440 nemo
1270 3384 1552 3442 miretur.
1583 3380 1711 3439 Nos
1734 3382 1903 3439 enim
1934 3379 2148 3438 clerici
2179 3379 2311 3440 siue
2342 3379 2640 3439 monachi
2672 3380 2718 3439 Γι
2749 3387 3081 3458 parentum
3111 3379 3528 3442 insatiabilem
3569 3379 3855 3441 ambitio-

1052 3484 1200 3528 nem
1216 3466 1476 3546 explere
1502 3465 1824 3525 uellemus.
1850 3480 1979 3523 non
1996 3461 2313 3524 sufficeret
2331 3464 2603 3524 nobisad
2619 3464 2742 3525 hoc
2763 3466 2974 3542 quiuis
2999 3482 3141 3524 cum
3161 3464 3414 3524 abbatia
3428 3464 3853 3542 episcopatus.

1052 3551 1126 3611 Et
1146 3559 1362 3611 tamen
1386 3539 1649 3609 forsitan*
1680 3546 1892 3628 tepide
1916 3547 2032 3607 nisi
2055 3566 2168 3627 pro
2192 3548 2301 3608 suo
2326 3547 2657 3610 commodo
2684 3547 3058 3608 adiuuarent
3080 3549 3212 3608 nos.
3245 3547 3375 3608 Sed
3397 3547 3478 3608 de
3503 3547 3602 3608 his
3625 3547 3853 3608 dixisse

1056 3635 1341 3696 sufficiat.

1106 3775 1109 3783 .
1226 3720 1363 3800 Ego
1393 3717 1803 3780 Marcuardus
1834 3719 1980 3796 cepi
2010 3715 2308 3779 edificare
2341 3721 2610 3780 castrum
2639 3717 3089 3778 Biberstein.
3131 3734 3262 3777 non
3301 3714 3471 3796 quod
3510 3718 3854 3797 conueniat

1056 3803 1389 3864 monachis
1418 3805 1534 3864 nili
1569 3806 1636 3863 in
1680 3803 2059 3869 monasterio
2103 3802 2409 3865 habitare.
2459 3812 2522 3864 et
2565 3801 2864 3882 spiritalia
2902 3802 3103 3881 prelia
3155 3819 3483 3862 exercere.
3542 3800 3650 3862 sed
3703 3805 3855 3880 quia

1056 3886 1328 3948 mundus
1349 3891 1416 3949 in
1451 3887 1733 3970 maligno
1776 3889 2016 3966 positus
2036 3889 2236 3950 nescit
2266 3907 2307 3948 a
2332 3887 2501 3950 malo
2532 3887 2785 3950 cedere.
2817 3889 2934 3948 nisi
2963 3905 3079 3966 per
3108 3887 3475 3950 uiolentiam
3515 3889 3578 3946 ei
3608 3888 3852 3947 resista-

1054 3981 1168 4034 tur.
1234 3972 1607 4056 Cogitabam
1658 3975 1829 4034 enim
1878 3975 1944 4035 in
1997 3976 2207 4035 animo
2258 3992 2425 4035 meo.
2477 3974 2644 4035 Ecce
2695 3973 2875 4033 locus
2926 3973 3113 4033 castri
3163 3971 3374 4033 huius.
3414 3972 3462 4032 si
3505 3971 3585 4033 ab
3639 3970 3854 4051 aliquo

1057 4058 1323 4119 hostium
1365 4059 1655 4133 ecclesie‘
1682 4057 1871 4119 suerit
1916 4058 2358 4138 deprehensus.
2406 4076 2594 4118 omne
2646 4058 2880 4118 malum
2927 4058 3112 4117 nobis
3155 4059 3234 4118 ab
3280 4075 3359 4118 eo
3397 4060 3748 4138 ingeretur.
3789 4065 3855 4118 et

1057 4145 1303 4204 nonnisi
1333 4161 1571 4226 magno
1605 4143 1983 4205 detrimento
2014 4163 2084 4204 re
2112 4144 2330 4222 (193⁸)
2371 4162 2504 4204 rum
2529 4151 2591 4204 et
2620 4142 2901 4222 periculo
2932 4141 3254 4203 hominum
3285 4144 3566 4203 cicietur.
3605 4141 3701 4202 Ex
3730 4142 3854 4203 hoe

1060 4232 1204 4306 cepi
1232 4228 1382 4289 illud
1410 4229 1727 4309 possidere
1760 4236 1823 4289 et
1850 4233 1917 4290 in
1948 4228 2124 4289 usum
2155 4229 2425 4290 ecclesie
2455 4227 2769 4310 redigere.
2803 4234 2868 4287 et
2897 4245 3041 4288 cum
3071 4225 3365 4288 fidelibus
3397 4235 3462 4287 et
3491 4227 3853 4287 monasterii

1060 4312 1365 4374 honorem
1404 4316 1814 4394 querentibus
1852 4315 2152 4376 militibus
2193 4313 2546 4393 disponere.
2589 4316 2697 4392 qui
2741 4316 3095 4374 iuramento
3133 4311 3256 4372 hoc
3300 4311 3850 4374 confirmauerunt.

960 4397 967 4406 '
1061 4416 1405 4478 numquam
1435 4399 1501 4458 se
1531 4400 1647 4459 nisi
1675 4419 1787 4480 pro
1819 4399 2062 4460 honore
2092 4400 2454 4460 monasterii
2485 4405 2550 4460 et
2579 4399 2824 4459 abbatis
2847 4415 2967 4459 nec
2997 4401 3061 4458 in
3091 4405 3292 4458 morte
3320 4396 3576 4459 dedere.

1229 4483 1471 4545 Deinde
1494 4483 1760 4544 castrum
1781 4484 1952 4563 quod
1978 4485 2125 4545 huic
2150 4487 2518 4564 contiguum
2550 4485 2642 4544 est
2667 4483 2717 4543 Η
2733 4483 3090 4544 aselstein
3117 4489 3566 4561 nuncupatum.
3599 4487 3852 4559 propter

1057 4568 1315 4630 latibula
1342 4568 1549 4630 surum
1580 4587 1659 4628 ac
1686 4568 1996 4629 latronum
2026 4573 2134 4648 qui
2166 4570 2231 4629 se
2261 4569 2348 4628 ibi
2377 4585 2520 4628 cum
2552 4568 2803 4629 domino
2829 4568 3150 4629 Gerlaho
3181 4575 3316 4628 tuta
3346 4568 3612 4627 statione
3639 4564 3854 4624 occul-

1053 4655 1293 4716 tabant.
1324 4670 1563 4736 magno
1594 4671 1739 4714 meo
1769 4653 2049 4732 periculo
2082 4661 2145 4713 et
2176 4653 2447 4714 ecclesie
2477 4653 2800 4734 dispendio
2848 4657 3178 4734 occupaui.
3221 4661 3285 4713 et
3314 4655 3377 4713 in
3421 4648 3852 4713 defensionem
