4821 5976
2213 861 2368 943 cap.
2415 834 2543 923 43:
3550 912 3563 923 .
3626 856 3756 919 117

955 1035 1218 1099 Scleui
1259 1033 1514 1097 kozzoe
1556 1030 1840 1097 reddunt.
1895 1040 1960 1095 et
2014 1033 2120 1097 elii
2159 1033 2300 1095 L.v.
2339 1034 2615 1097 Franci
2672 1032 2951 1094 similiter
2996 1030 3280 1093 reddunt.
3326 1030 3547 1110 Coloni
3594 1028 3757 1091 ‚XVL

954 1122 1378 1203 unusquisque
1423 1140 1641 1183 eorum
1675 1122 1766 1182 .11.
1798 1123 2038 1201 porcos.
2074 1128 2141 1181 et
2177 1122 2230 1180 Π
2275 1136 2457 1181 oues.
2498 1119 2756 1200 Insuper
2801 1120 2907 1180 alii
2945 1120 3171 1179 coloni.
3214 1118 3330 1179 XX.
3342 1118 3441 1179 111.
3484 1116 3769 1199 singulos

949 1210 1268 1291 porcellos
1306 1216 1370 1269 et
1409 1207 1692 1291 singulas
1728 1209 1896 1269 oues.
1929 1215 1995 1269 et
2023 1208 2130 1269 alii
2159 1207 2388 1269 coloni.
2418 1206 2716 1267 XC.VlllI.
2750 1205 3043 1288 singulos
3064 1204 3376 1285 porcellos
3412 1205 3665 1267 debent.
3697 1210 3764 1263 et

956 1314 1126 1358 unus
1169 1299 1268 1356 uir
1317 1294 1405 1357 .V.
1446 1294 1644 1357 siclos.
1685 1294 2044 1355 Molendine
2095 1294 2260 1354 XXX.
2312 1294 2573 1378 Insuper
2628 1292 2711 1353 ad
2750 1299 3097 1353 maternus
3141 1292 3263 1352 XII.
3304 1289 3613 1358 „ceruisias
3650 1308 3763 1370 pro

958 1383 1154 1444 siluae
1185 1382 1529 1467 eucifione.
1567 1381 1824 1461 Insuper
1851 1380 2022 1441 XXII.
2064 1380 2273 1440 coloni
2317 1379 2603 1462 ungulas
2636 1378 2935 1458 caprinas
2965 1378 3146 1439 cutes
3180 1378 3431 1440 debent.
3476 1378 3766 1439 Decima-

955 1470 1165 1531 tiones
1180 1472 1458 1531 omnium
1479 1468 1785 1531 hubarum
1809 1464 2310 1529 .cccxcm1.v1.
2327 1465 2663 1529 beneficia.
2692 1471 2760 1527 et
2786 1463 3011 1525 XXXVI
3038 1463 3247 1525 hubae
3277 1464 3359 1525 ad
3383 1463 3768 1527 beneficium

959 1556 1208 1618 abbatis
1271 1558 1562 1617 ertinent.
3287 1590 3305 1611 0

1141 1575 1269 1704 12?
1269 1642 1368 1703 Ad
1395 1642 1660 1723 Hagen
1682 1638 1778 1700 VI.
1799 1641 2131 1701 territoria.
2155 1637 2264 1701 lidi
2284 1638 2509 1699 XLIIII.
2535 1638 2765 1720 singuli
2792 1638 3023 1718 porcos
3039 1637 3377 1719 saginatos.
3410 1635 3769 1718 singulique

959 1747 1214 1811 pannos
1245 1748 1330 1789 ex
1359 1731 1610 1808 proprio
1640 1728 1788 1787 lino.
1821 1732 1885 1787 et
1915 1724 2020 1787 alii
2049 1726 2242 1786 XXXI.
2273 1726 2709 1807 unusquisque
2739 1742 2933 1785 unum
2972 1737 3236 1807 porcum
3277 1730 3341 1783 et
3380 1723 3443 1785 .1.
3490 1741 3770 1803 pannum

961 1816 1066 1879 uel
1100 1816 1163 1876 .1.
1194 1814 1463 1877 lodicem
1493 1814 1825 1893 duplicem.
1857 1812 2113 1892 Insuper
2143 1811 2473 1873 C.XXXIII.
2505 1811 2672 1874 hube
2702 1808 2985 1893 lingulas
3007 1809 3176 1872 oues.
3208 1810 3282 1870 Et
3312 1810 3457 1871 .IIII.
3480 1809 3779 1870 mulieres

963 1903 1200 1967 debent
1239 1902 1358 1963 .ΠΙ.
1401 1900 1754 1963 camisiales
1791 1920 1878 1961 ex
1914 1900 2042 1962 lino
2087 1899 2402 1961 dominico
2448 1904 2515 1959 et
2553 1897 2641 1959 .V.
2680 1898 2957 1979 gallinas
2994 1904 3059 1957 et
3095 1897 3145 1957 X
3190 1914 3331 1957 oua.
3366 1896 3589 1957 Coloni
3626 1896 3771 1956 .ΙΠΙ.

965 2007 1230 2070 quorum
1276 1988 1506 2069 singuli
1537 1988 1653 2049 .IlI.
1694 1988 1924 2067 porcos
1961 1994 2026 2047 et
2067 1986 2198 2047 tres
2233 1987 2406 2047 oues.
2449 1984 2709 2065 lumper
2754 1985 2873 2045 .111.
2916 1983 3125 2045 coloni
3162 1983 3390 2065 singuli
3428 1982 3771 2061 porcellos,

965 2076 1224 2137 Sclaui
1255 2073 1464 2137 .C.XX.
1495 2072 1778 2155 singulas
1809 2072 2029 2151 (134⁸)
2065 2072 2258 2134 libras
2278 2072 2409 2135 lini.
2442 2071 2843 2159 singulosque
2882 2068 3125 2131 lodices
3156 2069 3453 2150 duplices.
3487 2077 3552 2130 et
3580 2082 3775 2131 unum

965 2162 1244 2225 modium
1274 2178 1504 2223 auene.
1537 2168 1602 2222 et
1633 2178 1821 2221 unum
1851 2160 2174 2241 gallinam.
2206 2158 2574 2221 Scututores
2598 2164 2809 2219 autem
2840 2158 3015 2218 scuta
3054 2156 3194 2236 ,XIL
3236 2163 3300 2217 et
3342 2174 3473 2217 una
3512 2156 3773 2218 fabrica.

967 2242 1370 2311 Molendinae
1401 2247 1517 2309 ‚VL
1550 2254 1616 2308 et
1643 2246 1776 2309 VIII
1803 2245 2048 2325 capelle
2079 2246 2161 2321 ad
2188 2247 2386 2325 ipsam
2418 2247 2661 2307 curiam
2691 2243 2935 2306 abbatis
2965 2242 3368 2322 pertinentes.
3398 2244 3777 2305 Decimutio-

967 2354 1119 2397 num
1173 2334 1384 2397 .XL.V.
1434 2332 1700 2396 corrado
1749 2332 2048 2395 frumenti
2099 2332 2342 2411 dentur.
2393 2330 2491 2393 Ad
2535 2330 2835 2393 materies
2872 2330 3021 2391 ΝΠ.
3060 2332 3295 2392 cernis.
3340 2346 3453 2406 pro
3499 2329 3669 2389 mua.
3713 2334 3779 2389 et

970 2423 1224 2501 insuper
1253 2420 1340 2481 J..
1371 2418 1566 2483 modii
1593 2416 1796 2501 siguli.
1817 2418 2046 2480 Omnia
2067 2418 2189 2478 hec
2211 2416 2447 2480 habent
2470 2416 2735 2478 CCCXX.
2760 2417 2909 2477 VIII.
2932 2414 3241 2477 Beneficii
3270 2415 3408 2475 sunt
3436 2414 3566 2475 XIII
3586 2414 3776 2475 hube.
3848 2430 3855 2439 ’

899 2531 908 2539 ·
969 2507 1045 2567 Et
1087 2526 1174 2567 ex
1212 2525 1343 2568 une
1379 2507 1552 2567 huba
1593 2505 1678 2566 .X.
1719 2505 1851 2565 sicli
1895 2504 2296 2565 denariorum
2331 2503 2661 2565 debentur.
2702 2498 2961 2582 lnsu'per
2998 2501 3207 2563 coloni
3254 2500 3389 2561 .XX.
3438 2500 3554 2561 CC.
3602 2499 3788 2561 siclos

971 2592 1259 2655 reddunt.
1305 2591 1528 2653 Adhec
1571 2587 1836 2672 predicti
1879 2589 2140 2651 Scluui
2178 2592 2378 2668 primo
2409 2606 2580 2649 anno
2610 2587 2834 2649 decem
2863 2588 3095 2665 porcos
3128 2595 3192 2647 et
3222 2586 3380 2647 VIIII
3418 2585 3671 2649 lodices.
3715 2588 3783 2647 in

975 2677 1251 2742 secundo
1283 2696 1452 2739 anno
1485 2677 1573 2739 .X.
1603 2675 1857 2739 lodices.
1891 2683 1955 2737 et
1984 2675 2143 2735 VIIII
2171 2676 2413 2755 porcos.
2448 2682 2512 2735 et
2541 2673 2803 2734 totidem
2834 2673 3067 2734 arietes
3091 2676 3157 2734 in
3186 2673 3403 2734 mense
3434 2676 3622 2737 maio.

1156 2764 1253 2826 13.
1285 2766 1356 2825 In
1387 2766 1556 2829 Sum
1571 2762 1746 2827 etde
1777 2764 1870 2825 .Π.
1899 2764 2212 2843 territoria
2242 2768 2306 2821 et
2333 2760 2483 2821 LXX
2512 2767 2577 2822 et
2605 2778 2735 2821 unu
2764 2759 2952 2821 huba.
2987 2759 3269 2843 lingulas
3304 2760 3463 2820 oues
3497 2757 3781 2821 reddunt.

977 2860 1042 2915 et
1071 2870 1290 2914 earum
1319 2851 1618 2913 mulleres
1641 2851 1733 2911 .11.
1763 2850 1864 2910 ΠΙ.
1889 2847 2243 2927 comitiales
2267 2866 2354 2908 ex
2381 2848 2509 2908 lino
2534 2844 2871 2907 dominico.
2897 2853 2963 2905 et
2980 2847 3173 2907 LXXI.
3200 2844 3467 2907 can-rede
3489 2845 3791 2907 frumenti

975 2938 1428 3002 decimationis.
1459 2945 1526 3000 et
1545 2936 1834 3020 singulae
1857 2936 2067 2998 hubae
2099 2934 2186 2998 .V.
2211 2934 2491 3018 gallinas
2522 2952 2667 2997 cum
2692 2933 2780 2996 .X.
2804 2933 2957 3003 ouis.
2976 2932 3115 2996 Lidi
3144 2930 3267 2994 duo
3300 2932 3529 3015 singuli
3549 2948 3785 3013 porcos

977 3028 1310 3110 saginatos
1371 3025 1726 3108 fingulique
1775 3039 2058 3104 pannum
2109 3041 2194 3083 ex
2244 3023 2497 3101 proprio
2546 3021 2697 3082 lino.
2748 3021 3009 3099 Insuper
3058 3019 3265 3082 coloni
3312 3019 3504 3082 ‚XVIL
3548 3020 3787 3082 Horum

965 3114 1402 3194 ,unusquisque
1457 3113 1602 3174 .ΙΠΙ.
1647 3110 1879 3190 porcos
1916 3117 1982 3170 et
2025 3107 2186 3170 duas
2225 3106 2384 3168 oues
2418 3106 2707 3168 reddunt.
2764 3106 2838 3166 Et
2880 3107 2985 3167 alii
3038 3106 3247 3168 coloni
3289 3106 3477 3167 XXII.
3521 3123 3787 3185 quorum

979 3198 1414 3279 unusquisque
1472 3215 1664 3258 unum
1721 3213 1983 3275 porcum
2033 3202 2100 3254 et
2159 3211 2351 3254 unam
2412 3209 2603 3252 ouem
2650 3192 2903 3253 debent.
2978 3191 3241 3254 Sclaui
3296 3192 3463 3254 .XIII.
3522 3210 3789 3272 quorum

977 3285 1404 3366 unusquisque
1431 3302 1624 3346 unam
1652 3283 1874 3343 libram
1903 3280 2012 3342 lini
2044 3278 2233 3341 debet
2261 3286 2328 3341 et
2355 3277 2517 3340 dues
2538 3277 2886 3358 phaltenas.
2924 3278 2997 3338 In
3027 3278 3365 3340 noualibus
3396 3279 3534 3340 sunt
3562 3271 3789 3340 XL.‘et

983 3373 1046 3433 .I.
1081 3373 1291 3434 coloni
1319 3373 1426 3450 qui
1457 3369 1596 3430 .CC.
1625 3369 1824 3430 libras
1853 3364 2122 3429 reddunt
2150 3366 2261 3428 lini
2292 3373 2358 3426 et
2387 3383 2599 3426 auene
2628 3364 2889 3429 totidem
2928 3363 3196 3426 modies.
3232 3362 3455 3426 Omnia
3497 3364 3663 3426 haec
3696 3364 3784 3426 .C.

978 3457 1174 3519 LXVI.
1205 3455 1564 3526 Molendine
1608 3455 1729 3516 VII.
1782 3453 2142 3516 Decimnles
2175 3452 2449 3522 ecclesie
2487 3451 2579 3513 .Π.
2610 3469 2757 3513 cum
2802 3449 3051 3514 duabus
3086 3450 3285 3514 hubis.
3318 3449 3627 3512 Beneficii
3649 3451 3789 3512 sunt

979 3545 1128 3607 .1111.
1161 3543 1352 3605 hubo.

886 3641 891 3649 “
1162 3630 1258 3691 14.
1289 3631 1360 3691 In
1389 3630 1621 3690 Istete
1652 3629 1718 3690 .1.
1750 3628 2126 3688 territorium
2159 3633 2224 3686 et
2249 3625 2374 3686 XII.
2404 3623 2593 3686 habe.
2640 3641 2907 3705 quarum
2942 3623 3072 3684 1111.
3114 3623 3271 3684 VIIII
3310 3623 3541 3703 porcos
3564 3629 3627 3684 et
3657 3623 3784 3684 IIII.

981 3717 1142 3779 oues
1164 3716 1418 3779 debent.
1447 3716 1542 3777 Ex
1572 3715 1673 3776 his
1695 3714 1818 3774 VII.
1849 3713 2134 3795 singulas
2159 3712 2316 3774 oues
2344 3711 2745 3793 singulasque
2777 3711 3129 3772 camisiales
3152 3729 3240 3772 ex
3268 3711 3399 3772 lino
3428 3709 3805 3774 dominicali·
3822 3711 3835 3718 ‘

931 3867 940 3873 ,
983 3811 1049 3866 et
1077 3823 1271 3867 unum
1300 3802 1570 3864 lodicem
1601 3801 1917 3880 duplicem
1948 3806 2013 3860 et
2043 3817 2234 3860 unam
2265 3815 2453 3859 ouem
2485 3804 2569 3858 et.
2599 3797 2698 3858 III.
2724 3797 3021 3880 gallinas.

1164 3887 1384 3967 (134⁵)
1413 3888 1510 3950 15.
1539 3889 1611 3948 In
1640 3887 2092 3968 Bezzingen
2136 3886 2200 3946 .Ι.
2246 3887 2625 3946 territorium
2666 3890 2731 3944 et
2770 3883 2871 3946 LI.
2912 3883 3141 3946 hubae.
3190 3899 3455 3962 quarum
3486 3883 3577 3944 .Π.
3624 3881 3787 3944 duo's

981 3977 1213 4058 porcos
1251 3982 1316 4036 et
1345 3975 1506 4036 duos
1527 3975 1787 4054 pannos.
1829 3974 1935 4035 uel
1975 3973 2096 4034 XII.
2139 3972 2339 4033 sellas.
2382 3972 2507 4032 alie
2552 3987 2709 4032 uero
2754 3970 2978 4032 omnes
3016 3969 3307 4052 fingulae
3348 3970 3517 4030 oues.
3560 3977 3627 4030 et
3664 3969 3787 4032 due
3923 3997 3933 4006 ‘

981 4061 1283 4125 mulieres
1305 4062 1436 4122 tres
1461 4059 1818 4123 criminales
1842 4079 1927 4121 ex
1956 4060 2086 4120 lino
2117 4057 2479 4120 dominicali
2509 4063 2573 4118 et
2604 4055 2693 4118 .V.
2725 4057 3009 4138 gallinas
3042 4063 3109 4118 et
3139 4055 3228 4119 .X.
3258 4072 3382 4117 oua
3414 4075 3557 4118 cum
3596 4055 3791 4122 tridu-
3870 4057 3879 4068 '

984 4167 1110 4212 eno
1140 4151 1428 4210 seruicio.
1460 4148 1720 4209 Sclaui
1748 4147 1976 4208 XXVIII
2021 4163 2283 4226 quorum
2315 4145 2583 4225 quisque
2613 4143 2677 4204 .1.
2700 4143 2973 4205 lodicem
3002 4143 3337 4222 duplicem.
3362 4143 3654 4222 exceptis
3660 4142 3784 4205 ..VL
3826 4207 3837 4214 ,

983 4239 1092 4317 qui
1123 4235 1275 4296 dent
1302 4233 1424 4294 XII.
1457 4231 1700 4296 lodices
1731 4239 1794 4295 et
1833 4235 1944 4294 lini
1975 4231 2056 4294 ad
2083 4232 2210 4292 1111.
2251 4240 2318 4292 et
2357 4229 2677 4292 dimidium
2721 4247 3019 4310 pannum.
3060 4229 3161 4288 XX
3198 4227 3449 4290 modios
3493 4228 3787 4293 frumenti

869 4343 882 4350 ·
985 4330 1051 4384 et
1087 4323 1186 4382 XX
1225 4321 1398 4382 oues.
1444 4328 1509 4381 et
1547 4320 1642 4380 XX
1681 4320 1928 4381 arietes.
1973 4326 2036 4380 et
2076 4319 2355 4380 bracium
2395 4315 2479 4378 ad
2522 4317 2607 4378 .V.
2655 4317 2985 4380 ceruisiaS.
3029 4314 3337 4378 Beneficii
3374 4315 3515 4377 sunt
3555 4315 3683 4378 VIII
3724 4321 3788 4376 et

983 4407 1240 4472 dimidia
1268 4407 1457 4470 huba.
1487 4407 1624 4467 Due
1653 4406 1923 4468 ecclesie
1953 4423 2098 4467 cum
2128 4404 2372 4466 duabus
2403 4403 2611 4465 hubis.
2731 4400 2744 4412 ‘

1165 4495 1261 4556 16.
1312 4495 1384 4554 In
1443 4491 1876 4575 ναι-3010110
1929 4493 2046 4553 .ΠΙ.
2099 4494 2431 4552 territoria.
2483 4487 2593 4552 lidi
2643 4489 2839 4552 .VIIII.
2894 4493 2961 4549 et
3002 4488 3205 4550 semis.
3250 4486 3533 4569 singulos
3564 4484 3795 4566 porc‘os

983 4581 1388 4663 singulosque
1417 4577 1660 4642 lodice&
1683 4579 1979 4658 duplices.
2013 4585 2076 4640 et
2105 4578 2392 4660 singulae
2424 4575 2727 4639 carrades
2750 4574 3193 4638 decimationis
3216 4573 3508 4636 frumenti
3531 4572 3783 4635 debent.

984 4669 1059 4730 Et
1087 4669 1394 4728 LXXXIIII
1429 4667 1598 4728 hube
1643 4665 1889 4747 singule
1929 4665 2091 4728 dues
2121 4665 2290 4726 oues.
2333 4671 2399 4724 et
2442 4681 2661 4725 eorum
2702 4663 2793 4724 .Π.
2834 4665 3113 4724 uirorum
3158 4661 3283 4724 due
3328 4659 3629 4720 mulieres
3662 4660 3782 4722 .ΠΙ.

985 4753 1350 4834 comitiales,
1373 4773 1460 4816 ex
1485 4755 1614 4816 lino
1647 4753 1982 4814 dominice.
2026 4757 2092 4812 et
2135 4750 2221 4812 .V.
2267 4751 2547 4833 gallinas
2586 4767 2729 4812 cum
2774 4750 2915 4810 ouis
2946 4749 3111 4808 XXX.
3157 4754 3221 4809 et
3260 4765 3403 4808 cum
3440 4745 3785 4808 cottidiano

983 4841 1270 4916 seruicio.
1305 4847 1370 4902 et
1399 4859 1527 4902 una
1556 4837 1822 4905 carrada
1850 4838 2162 4900 frumenti.
2194 4837 2268 4898 Et
2295 4839 2462 4900 unus
2484 4838 2638 4898 liber
2666 4839 2777 4917 qui
2808 4837 2899 4897 .Π.
2930 4833 3158 4916 porcos
3180 4841 3247 4894 et
3275 4833 3367 4896 .Π.
3394 4833 3551 4893 oues
3574 4832 3783 4896 debet.

837 4939 858 4950 '
987 4927 1248 4990 Sclaui
1283 4927 1414 4988 XIII
1463 4927 1748 5011 singulos
1799 4923 2040 4988 lodices
2085 4922 2336 4986 debent.
2387 4923 2463 4984 Et
2516 4924 2752 5002 septem
2792 4921 3237 4983 ecclesie-cum
3294 4919 3543 4982 duabus
3594 4919 3783 4984 hubis
