4821 5976
1205 859 1262 922 O
2519 862 2671 946 Cap..
2698 861 2761 924 3.

1209 1101 1222 1116 .
1339 1112 1346 1119 ·
1393 1034 1491 1097 14.
1535 1031 2000 1112 Ditbaldus1)
2054 1034 2134 1097 de
2173 1035 2467 1098 Alsatia
2522 1035 2677 1100 trad.
2733 1051 2850 1096 sco
2896 1035 3047 1098 Bon.
3095 1036 3255 1100 duas
3304 1040 3599 1102 marchas
3639 1041 3996 1124 prediorum

1209 1114 1482 1182 ¹inmuni.
1541 1124 1610 1184 in
1654 1121 2007 1184 Dubiiesb
2023 1124 2184 1184 eim.
2235 1129 2300 1185 et
2348 1125 2418 1184 in
2466 1121 2681 1184 Fries
2697 1121 3017 1184 onheim.
3072 1125 3371 1206 quicquid
3424 1127 3642 1192 habuit
3691 1131 3756 1191 in
3808 1129 3993 1213 agris.

1199 1209 1409 1287 pratis·
1425 1208 1610 1270 siluis.
1638 1207 1930 1271 domibus
1961 1226 2040 1272 ae
2065 1211 2415 1290 mancipiis.
2530 1227 2539 1240 ·

1389 1295 1486 1358 15.
1519 1294 1900 1378 sigewart
1919 1292 1980 1374 2)
2018 1295 2270 1358 tradidit
2297 1315 2415 1358 sco
2436 1295 2589 1359 Bou.
2618 1293 3053 1382 in‘Ditdori'e
3074 1293 3165 1376 ²).
3186 1297 3233 1360 1.
3259 1299 3491 1365 baiano
3518 1307 3587 1362 et
3604 1307 3827 1364 cetera
3856 1321 3983 1384 que

1208 1383 1274 1442 in
1305 1381 1540 1462 prediis
1560 1390 1624 1443 et
1653 1382 1908 1443 familiis
1930 1382 2160 1444 ibidem
2191 1381 2427 1444 habuit.

1127 1541 1137 1556 .
1389 1467 1486 1530 16.
1515 1469 1589 1531 In
1629 1463 2262 1557 churwalahun4)
2313 1466 2393 1530 ad
2431 1476 2671 1530 curtem
2702 1471 2802 1530 sci
2829 1467 3141 1532 Bonifacii
3171 1488 3295 1550 que
3336 1471 3695 1535 Reamnis
3725 1482 3993 1537 uocatur
4068 1472 4077 1488 ⁸

1201 1557 1520 1636 pertinent
1557 1555 1758 1619 mansi
1789 1553 1939 1617 ,XIL
1970 1555 2064 1616 Ex
2093 1554 2195 1616 his
2224 1545 2487 1616 ue'niunt
2527 1555 2680 1617 libre
2724 1553 2863 1618 .XII.
2908 1563 2973 1618 et
3010 1556 3094 1618 ibi
3139 1555 3276 1619 sunt
3308 1559 3425 1621 .ΙΠ.
3458 1559 3747 1622 ecclesie.
3780 1579 3865 1622 ex
3896 1560 3997 1622 his

1203 1640 1477 1724 singulis.
1509 1641 1576 1702 X.
1610 1639 1786 1703 solidi
1816 1643 1880 1702 in
1911 1639 2080 1702 festo
2112 1644 2210 1702 sci
2239 1639 2611 1704 Michahelis
2652 1641 2895 1704 dantur.
2928 1643 3086 1704 Sunt
3116 1646 3307 1708 etiam
3336 1645 3421 1706 ibi
3459 1645 3590 1708 tres
3608 1645 3860 1708 montes
3880 1648 3987 1729 qui

1202 1735 1514 1796 uocantur
1543 1727 1733 1808 alpes.
1765 1727 1846 1789 de
1875 1727 1974 1790 his
1997 1727 2256 1810 lingulis
2293 1726 2599 1790 debentur
2630 1727 2815 1790 casei.
2860 1725 2978 1788 111¹·
3006 1729 3197 1792 milia.
3238 1737 3303 1791 et
3338 1730 3469 1793 tres
3490 1729 3759 1816 saginati
3790 1737 3985 1813 porci.

1199 1815 1418 1896 Ibique
1447 1821 1600 1876 sunt
1628 1814 1750 1876 due
1781 1813 2148 1876 mansiones.
2181 1833 2268 1876 ex
2298 1833 2427 1876 una
2457 1813 2763 1878 debentur
2792 1813 2985 1877 solidi.
3018 1815 3183 1877 XXX.
3219 1823 3282 1878 et
3311 1815 3392 1879 de
3425 1819 3623 1880 altera
3644 1817 3867 1881 xvim.
3902 1820 3983 1883 de

1199 1920 1406 1984 grano
1437 1906 1501 1962 et
1530 1899 1679 1986 feno
1711 1920 1900 1962 unum
1940 1900 2196 1982 plenum
2239 1901 2561 1962 stabulum.
2594 1899 2818 1974 Quodsi
2842 1901 3063 1964 ,abbas
3097 1902 3413 1966 fuldensis'
3438 1905 3798 1967 monasterii
3836 1907 3983 1970 illuc

1200 2005 1315 2066 per
1355 2002 1590 2049 annum
1631 1990 1896 2048 uenerit.
1942 1988 2257 2067 presbiter
2299 1991 2406 2070 qui
2450 1987 2579 2050 tres
2602 1987 2909 2050 ecclesias
2952 1988 3030 2050 ab
3076 2008 3154 2050 eo
3198 1989 3393 2052 habet
3423 1991 3613 2054 debet
3656 1995 3716 2054 ei
3748 1990 3982 2054 seruire
4083 2057 4095 2072 ,

1198 2093 1340 2138 cum
1370 2077 1621 2154 propria
1650 2073 1933 2156 impensa
1963 2082 2027 2135 et
2054 2073 2306 2154 insuper
2335 2073 2525 2136 debet
2555 2077 2615 2136 ei
2645 2073 2798 2136 dare
2830 2079 3129 2155 optimum
3157 2075 3413 2156 pallium
3456 2076 3536 2140 de
3569 2078 3787 2142 serico.
3832 2079 3905 2140 Et
3934 2079 3979 2140 si

1197 2161 1394 2224 abbas
1415 2180 1543 2222 non
1573 2165 1819 2224 uenerit
1849 2161 2015 2224 idem
2047 2163 2360 2240 presbiter
2389 2161 2700 2241 persoluat
2730 2161 3135 2242 prescriptum
3163 2165 3589 2226 ministerium.

1373 2247 1468 2310 17.
1502 2246 1780 2310 Otakar
1809 2243 1865 2324 ⁵)
1915 2247 1994 2308 de
2025 2267 2188 2331 pago
2215 2247 2755 2310 wormacense
2785 2248 2941 2310 trad.
2968 2266 3083 2310 sco
3106 2249 3260 2310 Bon.
3286 2250 3584 2331 quicquid
3618 2249 3976 2334 prediorum

1191 2341 1256 2399 et
1283 2337 1740 2412 mancipiorum
1769 2334 1984 2395 habuit
2014 2339 2077 2396 in
2107 2335 2257 2394 uilla
2297 2352 2422 2412 que
2454 2341 2720 2394 vocatur
2756 2333 3231 2396 Brisenheim
3273 2333 3361 2414 ⁸).
3393 2336 3566 2398 Idem
3598 2336 3879 2399 otaker
3904 2335 3967 2416 ⁷)

1073 2463 1086 2485 .
1190 2419 1443 2482 tradidit
1470 2421 1639 2482 bona
1667 2437 1792 2482 sua
1821 2423 1886 2478 in
1914 2419 2062 2480 uilla
2090 2417 2741 2480 Wacharenheim.

1243 2573 1250 2585 ⁸
1365 2505 1462 2569 18.
1491 2505 1898 2569 Lantsuint
1927 2505 2006 2566 de
2039 2522 2208 2588 pago
2235 2522 2481 2566 worm.
2512 2502 2668 2565 trad.
2696 2522 2810 2565 sco
2832 2503 2987 2564 Bon.
3013 2504 3127 2566 CC.
3153 2509 3383 2588 iugera
3396 2513 3469 2568 et
3495 2509 3751 2569 uineam
3782 2527 3973 2570 unam

1187 2595 1252 2654 et
1283 2592 1409 2655 alia
1435 2591 1650 2653 multa.
3394 2625 3401 2630 -
3542 2590 3549 2598 '

1366 2678 1464 2739 19.
1495 2676 1843 2739 Frantulf
1874 2673 1935 2756 ⁸)
1984 2675 2066 2738 de
2095 2694 2266 2760 pago
2299 2663 2548 2738 worm.
2581 2675 2735 2738 trad.
2780 2693 2895 2740 sco
2924 2673 3077 2738 Bon.
3108 2680 3174 2740 in
3204 2677 3643 2741 Batenheim
3674 2681 3973 2762 quicquid
4014 2665 4021 2673 ⁰

1187 2764 1585 2846 proprietatis
1606 2764 1841 2826 habuit.
2079 2824 2088 2832 ,

1361 2851 1464 2915 20.
1495 2849 1899 2912 Haribreth
1923 2847 1988 2928 ο)
2038 2848 2117 2913 de
2175 2863 2378 2933 pago·
2408 2868 2659 2911 worm.
2711 2848 2868 2912 trad.
2926 2867 3042 2912 sco
3092 2849 3246 2913 Bon.
3298 2851 3469 2914 bona
3520 2869 3642 2915 sua
3692 2854 3759 2914 in
3821 2853 3969 2916 uilla

1189 2937 1830 3006 wacharenheim.

1251 3038 1272 3056 ⁰
1367 3024 1472 3087 21.
1501 3025 1872 3088 Burehrat
1907 3020 1995 3102 ¹⁰)
2036 3023 2194 3085 trad.
2227 3040 2343 3085 sco
2373 3023 2528 3085 Bon.
2572 3026 2641 3085 in
2668 3022 3217 3107 Moguntiorum
3256 3025 3536 3088 marcha.
3566 3026 3685 3089 XX.
3723 3028 3969 3110 iugera.

1191 3131 1333 3174 cum
1363 3112 1652 3174 domibus
1684 3120 1748 3173 et
1775 3114 2126 3191 mancipiis.
3306 3154 3315 3163 .

1369 3198 1588 3279 (138⁸)
1622 3198 1722 3261 22.
1746 3200 1886 3259 Ata
1907 3198 1984 3259 de
2010 3216 2254 3259 worm.
2280 3196 2529 3260 tradidit
2553 3196 3087 3258 scoBon.iuui11a
3109 3194 3693 3277 Brizenheim¹¹)
3716 3200 3969 3262 uineam

1191 3302 1380 3347 unam
1412 3292 1478 3347 et
1509 3305 1722 3347 aream
1754 3303 1894 3347 cum
1927 3284 2214 3345 domibus
2249 3291 2313 3344 et
2342 3282 2607 3343 familiis.
3506 3318 3515 3329 -

1359 3372 1462 3435 23.
1491 3369 1899 3438 Adelbreht
1923 3368 2012 3447 ¹²)
2054 3370 2133 3432 de
2163 3388 2414 3451 worm.
2462 3368 2617 3431 trad.
2651 3388 2765 3431 sco
2796 3366 2947 3432 Bon.
2981 3372 3044 3430 in
3093 3370 3240 3431 uilla
3270 3370 3844 3433 Wachernheim
3870 3368 3960 3449 1δ’)

1187 3460 1444 3522 uineam
1474 3458 1538 3520 .1.
1581 3467 1644 3520 et
1675 3458 1800 3519 alia
1826 3455 2050 3537 predia
2079 3475 2222 3517 cum
2255 3454 2510 3517 familia.

1361 3546 1467 3607 24.
1497 3539 1876 3627 Arcgis¹⁴)
1909 3550 1972 3603 et
2001 3560 2164 3605 uxor
2194 3540 2334 3603 eiu's
2375 3535 2857 3619 deehilt15)
2889 3538 3044 3602 trad.
3078 3557 3192 3602 sco
3208 3540 3377 3603 Bon.
3418 3544 3485 3605 in
3526 3544 3784 3605 ciuitate
3816 3544 3967 3606 Ma·

1191 3634 1471 3714 guntia
1501 3632 1747 3692 seruum
1777 3648 1968 3691 unum
2000 3637 2063 3689 et
2094 3647 2343 3691 omnem
2373 3630 2821 3709 proprietatem
2851 3626 3023 3689 suam
3052 3630 3116 3687 in
3150 3628 3325 3711 agris
3348 3634 3412 3689 et
3440 3628 3659 3690 uineis.

1362 3716 1468 3777 25.
1498 3712 2068 3795 Rachilt¹⁸)trad.
2101 3734 2216 3775 sco
2247 3714 2399 3775 Bon.
2434 3718 2497 3775 in
2522 3712 3097 3775 Tinenheimere
3123 3709 3212 3793 17)
3234 3715 3493 3776 marcha
3526 3715 3615 3777 ‚11.
3640 3716 3871 3781 uineas
3906 3724 3966 3779 et

1129 3833 1138 3841 ·
1191 3809 1408 3867 cetera
1439 3822 1562 3883 que
1591 3807 1658 3865 in
1689 3803 1864 3885 agris
1885 3808 1951 3863 et
1977 3798 2173 3881 pratis
2195 3778 2485 3862 domibus
2520 3818 2595 3861 ac
2626 3797 2876 3860 familiis
2896 3798 3131 3861 habuit.

1213 3940 1218 3945 .
1367 3890 1468 3951 26.
1499 3890 1828 3952 Rathere
1855 3885 1942 3967 18)
1975 3889 2055 3952 de
2084 3906 2331 3951 worm.
2360 3887 2516 3949 trad.
2550 3904 2663 3949 sco
2694 3887 2845 3947 Bon.
2880 3892 3117 3947 curtem
3149 3906 3339 3949 unam
3370 3888 3537 3950 infra
3565 3906 3781 3951 muros
3812 3891 3970 3949 ciui-

1195 3978 1344 4042 tatis
1371 3979 1758 4059 mogontie
1788 3994 1928 4038 cum
1961 3974 2247 4043 domibus
2281 3982 2342 4037 et
2373 3972 2624 4037 familiis
2646 3980 2709 4035 et
2739 3972 2929 4035 censu
2960 3992 3195 4034 eorum.
3229 3978 3237 3993 ‘

1365 4064 1468 4125 27.
1501 4062 1924 4147 Baugulfus
1971 4062 2052 4124 de
2085 4066 2426 4125 wormac.
2476 4059 2631 4122 trad.
2665 4058 2780 4121 sco
2811 4060 2963 4120 Bon.
2996 4060 3164 4121 bona
3195 4078 3315 4125 sua
3345 4064 3411 4121 in
3438 4060 3581 4123 loco
3612 4060 3968 4123 Ginnen·

1192 4146 1388 4213 heim
1409 4145 1525 4229 ¹⁹).
1558 4157 1622 4212 et
1650 4168 1840 4211 unum
1871 4149 2116 4209 seruum
2147 4168 2290 4211 cum
2319 4165 2520 4212 uxore
2553 4153 2614 4207 et
2642 4143 2869 4229 liberis.
2996 4218 3003 4229 .

1365 4236 1467 4299 28.
1506 4233 2064 4314 Adelberturw)
2107 4234 2262 4297 trad.
2309 4253 2425 4297 sco
2455 4233 2609 4294 Bon.
2650 4232 2821 4295 bona
2859 4234 2970 4296 l’ua
3008 4239 3071 4293 et
3102 4250 3290 4294 unam
3324 4235 3560 4295 curiam
3598 4235 3663 4297 in
3708 4236 3967 4296 ciuitate

1187 4326 1609 4407 mogontia.

1213 4593 1222 4614 ⁴
1301 4576 1378 4643 4)
1421 4576 1870 4633 theotbaldus.
1903 4573 1960 4639 1θ)
2000 4575 2358 4639 sigiuuarat.
2407 4571 2464 4637 ⁸)
2496 4574 2563 4623 in
2604 4572 3062 4635 diodorpbeno
3100 4574 3343 4623 marku.
3393 4570 3445 4636 ⁴)
3480 4572 3965 4623 curuualohon.

1179 4643 1644 4712 ’Judaeum-³)
1675 4646 2134 4697 britanni-u
2165 4642 2567 4708 1θοιίειςτιιε.
2604 4640 2658 4707 ⁸)
2682 4643 3048 4694 romulfus.
3090 4640 3140 4705 ⁰)
3178 4642 3632 4695 Hariberctn.
3666 4639 3739 4705 ι0)
3768 4640 3957 4705 burg·

1183 4722 1307 4766 rat.
1351 4714 1428 4781 ¹¹)
1457 4712 1924 4766 brizzedheim.
1969 4712 2044 4779 ιἸ)
2079 4712 2501 4764 adalbertus.
2545 4708 2617 4775 ¹⁸)
2657 4712 3225 4764 anachore-hein.
3268 4710 3341 4775 Ι4)
3370 4710 3642 4777 Awgin
3676 4710 3763 4759 bei
3794 4710 3962 4761 Eber-

1183 4786 1322 4835 καὶ
1349 4786 1426 4836 int
1452 4784 1894 4837 wunnebeinueh
1933 4784 2172 4847 Arous
2211 4797 2284 4833 zu
2313 4784 2479 4834 lesen.
2522 4780 2597 4845 ¹⁸)
2644 4780 2983 4833 Gomabsst.
3032 4780 3111 4845 ¹⁸)
3148 4780 3427 4833 nanum.
3480 4777 3555 4843 ¹²)
3592 4780 3653 4831 in
3698 4780 3961 4831 taluen-

1185 4854 1397 4906 beimo
1421 4867 1656 4908 marca.
1699 4853 1774 4921 ¹⁸)
1801 4854 2164 4905 ratharius.
2208 4851 2280 4917 ι0)
2314 4851 2737 4917 ginni‘uheim.
2776 4848 2855 4915 ⁸⁰)
2884 4850 3337 4915 adalbercsus.
