4821 5976
1979 872 2131 952 Cap.
2164 872 2267 935 56.
2302 875 2403 933 57.
2439 870 2543 936 58.
3537 872 3666 935 187

1052 1040 1273 1121 (152⁶)
1316 1043 1417 1103 56.
1450 1042 1543 1102 He
1576 1049 1727 1104 sunt
1756 1043 2054 1105 mulieres
2076 1040 2324 1113 nobilet
2346 1050 2409 1103 et
2439 1046 2746 1125 ingenue.
2791 1060 2830 1103 a
2875 1042 3103 1124 quibus
3147 1044 3525 1104 nobilissima
3572 1043 3668 1106 fa-
3713 1058 3730 1080 ‘

873 1129 1043 1190 milia
1074 1146 1189 1190 sco
1220 1127 1547 1189 Bonifaoio
1578 1133 1845 1205 primum
1876 1130 2213 1210 progenita
2244 1128 2377 1188 effe
2408 1127 2696 1188 refertur.

1044 1213 1764 1275 Ezeliub.-Alblouo.
1819 1214 2286 1296 Engell'uint.
2345 1212 2604 1294 Egiza.
2666 1212 2898 1293 Huza.
2965 1213 3300 1273 Gerrath.
3348 1213 3664 1275 Notwib.

875 1297 1314 1360 Heribureh.
1362 1298 1614 1359 Ezela.
1652 1300 2131 1381 Regenburo.
2178 1298 2596 1358 Hilteburc.
2644 1296 2889 1359 Ecela.
2929 1296 3192 1379 Egiza.
3241 1298 3475 1359 Geila.
3517 1300 3667 1359 Me·-

874 1383 1177 1465 ginhilt.
1224 1384 1577 1444 Noriwib.
1626 1384 1965 1445 Waltrat.
2009 1384 2399 1465 Magalint.
2446 1384 2752 1444 Wenza.
2797 1382 3100 1442 Ruthilt.
3142 1383 3458 1443 Rihtrut.
3490 1384 3668 1449 Alb-

876 1471 1089 1529 fuint.
1146 1469 1391 1529 Imma.
1444 1469 1859 1531 Emmeeha.
1919 1468 2240 1530 Foocha.
2301 1466 2572 1530 Biliza.
2627 1467 3013 1529 williheit.
3071 1468 3306 1528 Goila.
3366 1467 3666 1531 Bettha.

876 1554 1153 1615 Gunza.
1183 1555 1315 1616 lta.

1052 1690 1155 1750 57.
1186 1691 1277 1751 De
1312 1688 1551 1753 familia
1576 1694 1675 1753 soi
1706 1692 2037 1755 Bonifacii.
2069 1711 2195 1774 quo
2226 1696 2291 1753 in
2323 1692 2728 1753 cruciburo
2759 1689 2894 1753 fuit.

1050 1774 1422 1835 Adelwin.
1482 1776 1749 1839 woffo.
1813 1779 2040 1841 Gezo.
2103 1778 2434 1859 Lingolf.
2493 1777 2764 1839 Mahto.
2819 1794 2966 1837 oum
3024 1777 3330 1838 uxoribus
3387 1782 3450 1838 et
3502 1777 3672 1839 filiis.

880 1859 1265 1941 Mahtgart
1297 1880 1439 1921 cum
1466 1863 1585 1923 .III.
1610 1862 1779 1941 filiis.
1816 1863 2087 1925 Albolt.
2120 1864 2510 1925 Adelwart
2541 1882 2682 1923 oum
2706 1863 3013 1923 uxoribus
3045 1869 3107 1923 et
3139 1862 3306 1922 filiis.
3339 1862 3673 1925 HerIfrit.

878 1945 1249 2027 Lantgoz.
1281 1946 1761 2019 Ermenhere.
1793 1967 1936 2009 cum
1962 1949 2263 2009 uxoribus
2288 1958 2353 2009 et
2384 1948 2530 2008 filiis
2553 1966 2790 2008 eorum.
2821 1949 3046 2007 wizo.
3077 1946 3422 2009 Libhere.
3453 1948 3676 2009 Adel·

878 2031 1116 2091 braht.
1146 2031 1461 2093 Adalrih
1482 2052 1624 2093 cum
1648 2035 1953 2095 uxoribus
1974 2041 2037 2095 et
2060 2034 2228 2094 filiis.
2262 2032 2620 2095 Richalm.
2645 2031 2980 2094 Azecho.
3015 2032 3248 2093 Heoil.
3279 2030 3676 2113 Eggehart

880 2134 1025 2176 oum
1049 2117 1357 2177 uxoribus
1378 2125 1441 2177 et
1458 2118 1626 2179 liliis.
1652 2119 2036 2180 willibalt.
2070 2118 2480 2180 Willinant.
2505 2119 2896 2180 flerimunt
2923 2135 3066 2177 oum
3091 2118 3395 2177 uxoribus
3417 2124 3480 2177 et
3505 2117 3674 2179 filiis.

878 2200 1108 2279 Appo.
1134 2201 1431 2261 Hunolt.
1460 2203 1687 2262 wizo.
1719 2204 1997 2264 Nanzo.
2024 2204 2322 2283 witigo.
2354 2220 2496 2263 cum
2523 2203 2830 2263 uxoribus
2858 2208 2922 2263 et
2945 2202 3115 2263 filiis.
3144 2202 3456 2264 Liemar.
3481 2202 3676 2264 Liut·

882 2284 1083 2345 here.
1116 2285 1441 2347 Ditliere.
1474 2286 1808 2348 Diterich
1850 2306 1995 2349 eum
2021 2289 2325 2349 uxoribus
2360 2288 2614 2349 erfiliis.
2649 2289 3018 2368 witegou.
3051 2287 3425 2347 Heriman.
3460 2288 3676 2349 Hart-

882 2387 1069 2431 man.
1104 2378 1253 2431 vto.
1286 2390 1429 2431 cum
1458 2374 1767 2433 uxoribus
1799 2381 1863 2435 et
1892 2374 2061 2451 filiis.
2092 2372 2482 2433 Eberhart.
2515 2373 2844 2433 Ruthart.
2879 2371 3291 2432 wernhart.
3322 2372 3678 2437 Hillewic

884 2474 1027 2515 eum
1056 2456 1364 2517 uxoribus
1396 2464 1459 2515 et
1488 2456 1656 2517 filiis.
1687 2456 1970 2518 EceIIn.
2003 2454 2462 2517 Irmenhere.
2495 2458 2926 2517 wernhero.
2957 2456 3268 2516 Dithere
3299 2475 3443 2517 oum
3474 2476 3581 2519 ux.
3615 2463 3680 2518 et

882 2538 967 2601 ffl.
999 2538 1388 2601 Rudewin.
1422 2542 1647 2601 Gozo.
1678 2542 1957 2603 Nanzo.
1992 2542 2418 2603 Folobraht.
2452 2561 2595 2602 cum
2622 2543 2926 2602 uxoribus
2952 2550 3015 2602 et
3039 2542 3121 2602 fil.
3156 2541 3424 2603 Albolt.
3456 2542 3678 2603 Goto-

882 2624 1058 2686 bolt.
1092 2623 1317 2685 Gezo.
1350 2624 1635 2686 Ecelin.
1665 2624 1923 2706 Boppo
1954 2645 2097 2689 cum
2128 2646 2309 2687 uxor.
2346 2633 2410 2687 et
2443 2626 2528 2687 fil.
2573 2627 2953 2687 Folbraht.
2997 2626 3288 2687 Rulant.
3333 2627 3678 2691 Liunant.

886 2710 1093 2769 wito.
1129 2729 1273 2771 eum
1305 2712 1609 2771 uxoribus
1654 2720 1719 2771 et
1762 2712 1845 2772 ffl.
1880 2712 2246 2773 Bececho.
2294 2712 2578 2772 Gunzo.
2625 2711 2954 2772 Richart.
2995 2712 3291 2772 Dinant.
3325 2730 3467 2773 oum
3497 2729 3679 2773 uxor.

886 2801 951 2857 et
982 2794 1141 2855 filiis.
1184 2793 1452 2874 Olleip.
1497 2796 1756 2857 Ditolf.
1795 2798 2001 2859 Dizo.
2035 2798 2330 2878 wigolt.
2374 2797 2768 2857 Hiltewin.
2811 2814 2952 2856 cum
2995 2815 3104 2857 ux.
3149 2803 3214 2857 et
3259 2796 3342 2857 fil.
3377 2797 3681 2859 Albhilt.

884 2879 1168 2941 Dith‘ilt.
1192 2880 1499 2941 Diterat.
1523 2882 1939 2944 Liebl'uint.
1963 2902 2107 2943 eum
2130 2882 2279 2943 filiis
2304 2889 2368 2943 et
2390 2876 2664 2943 filiabus.
2690 2880 2944 2941 Rilint.
2977 2880 3681 2945 Gotelint.'1'rutela.
3746 2892 3754 2899 “

886 2964 1121 3026 Τωιιι
1150 2983 1294 3027 oum
1324 2965 1472 3028 filiis
1506 2973 1569 3028 et
1602 2966 1872 3030 filiabus.
1905 2968 2261 3051 Rihpuro.
2287 2965 2590 3047 Otpurc.
2622 2966 2949 3046 Ditpuro.
2982 2965 3328 3028 Riohiza.
3360 2986 3503 3028 oum
3535 2966 3681 3030 liliis

884 3059 949 3112 et
978 3049 1251 3112 filiabus.
1281 3053 1665 3114 Adelheit.
1706 3054 1973 3114 Iudita.
2005 3054 2422 3132 Hiltegunt.
2453 3052 2638 3113 Liba
2677 3070 2820 3112 cum
2862 3050 3012 3110 filiis
3055 3059 3119 3114 et
3149 3050 3421 3113 filiabus.
3451 3053 3684 3114 Hilte-

882 3135 1083 3198 bure.
1114 3136 1438 3199 Kuniza.
1470 3138 1825 3197 Hicecha.
1857 3137 2152 3196 Berlita.
2184 3154 2329 3196 oum
2360 3136 2508 3194 filiis
2543 3142 2605 3194 et
2635 3136 2906 3196 filiabus.
2939 3135 3286 3216 Mergart.
3317 3137 3680 3212 Botelint.

882 3219 1226 3366 ξιιιὲῧὲὲιιζ
1252 3221 1639 3382 1Ι).ἰιιιςιιι·ι;.
1686 3221 2017 3282 Folorat.
2060 3217 2420 3302 Regiliut.
2460 3220 3308 3301 Irmentrut.⁰lfingart.
3358 3240 3502 3282 cum
3535 3222 3682 3288 filiis

1061 3437 1283 3517 (153⁵)
1326 3437 1427 3501 58.
1461 3441 1555 3501 He
1587 3442 1725 3503 runt
1748 3440 1985 3503 familie
2010 3443 2109 3503 soi
2132 3440 2444 3503 Bonifacii
2465 3445 2532 3504 in
2561 3459 2621 3502 m
2641 3445 2961 3523 oguntia
2991 3442 3269 3505 ciuitate.
3296 3459 3420 3524 que
3443 3439 3682 3505 habent

879 3541 1069 3587 areos
1103 3523 1183 3586 sd
1210 3525 1471 3588 Fuldam
1498 3530 1913 3607 pertinentes.

1058 3611 1393 3672 Gezman
1426 3613 1723 3673 denarios
1750 3613 1885 3673 .XV.
1918 3613 2087 3672 Dito
2117 3613 2266 3672 XIII.
2297 3614 2454 3673 Item
2485 3613 2654 3673 Dito
2700 3611 2790 3671 XI.
2841 3610 3108 3673 Wolfm
3127 3631 3216 3673 an
3260 3613 3411 3673 XIII.
3452 3611 3681 3673 Berri—

878 3694 1076 3756 heim
1122 3696 1267 3758 XVI.
1309 3697 1510 3758 Ebbo
1542 3700 1659 3759 XV.
1700 3699 1955 3759 Benzo
1986 3699 2163 3758 XIIII.
2204 3697 2600 3758 Bernhelm
2633 3697 2776 3757 XVI.
2822 3695 3134 3757 Ruthart
3165 3697 3362 3758 XVIII.
3404 3697 3680 3772 Iordan

875 3781 1019 3846 XVI.
1052 3780 1434 3843 Eberhart
1470 3784 1617 3845 XVI.
1660 3784 2079 3845 Golebraht
2106 3783 2252 3844 XVI.
2295 3781 2613 3865 SIgifrit
2642 3783 2791 3843 XIII.
2835 3782 3218 3843 Gebehart
3247 3783 3424 3844 XIIII.
3469 3785 3679 3845 Anno

880 3863 1079 3924 XVIII.
1126 3865 1453 3928 Gerhart
1496 3869 1682 3930 siclos
1712 3869 1839 3929 IIII.
1882 3867 2221 3949 Rupraht
2266 3867 2412 3929 den.
2452 3868 2597 3927 XVI.
2642 3869 2952 3928 Gnanno
2993 3868 3181 3929 ficlof
3211 3869 3362 3930 XIII.
3405 3869 3681 3930 Michel

874 3949 1023 4007 XIII.
1058 3949 1133 4009 Si
1148 3951 1384 4036 geloh
1416 3953 1602 4013 fiolol'
1624 3956 1750 4014 IIII.
1795 3955 2055 4014 Deferto
2097 3971 2227 4014 una
2268 3971 2420 4014 area
2461 3952 2539 4014 ad
2573 3955 2788 4014 ficlum
2834 3953 2895 4014 .1.
2938 3953 3281 4033 Rupraht
3313 3955 3441 4016 1111.
3484 3955 3679 4015 fielof.

876 4032 1245 4116 sigeboto
1278 4037 1371 4097 VI.
1405 4037 1715 4100 Arole.
1750 4040 1954 4101 Gozo
1985 4041 2030 4100 Ι.
2066 4040 2299 4100 siclum.
2340 4039 2525 4099 Yfac
2556 4042 2812 4099 unciam
2860 4038 2923 4098 .1.
2965 4039 3324 4100 wolfram
3358 4040 3482 4100 1111.
3527 4040 3682 4100 Item

871 4117 1227 4180 wolfram
1280 4123 1445 4182 alius
1486 4125 1553 4184 X.
1598 4125 1815 4184 Hecil
1862 4126 2008 4185 .IIII.
2051 4125 2405 4186 Gotebolt
2455 4125 2672 4184 siclum
2720 4125 2784 4184 .I.
2831 4123 3087 4184 Rabbo
3120 4125 3239 4184 .III.
3279 4125 3544 4204 Ernoft
3587 4125 3680 4185 .II.

878 4203 1086 4266 ficlos.
1120 4205 1334 4266 Kuno
1366 4207 1516 4269 VIII.
1551 4209 1935 4271 wichram
1984 4211 2194 4271 siclum
2230 4210 2291 4269 .1.
2335 4208 2716 4269 Adelbero
2762 4207 2976 4268 siolum
3021 4209 3081 4268 .1.
3130 4209 3365 4270 Vidua
3408 4209 3552 4270 den.
3583 4211 3680 4274 VI.

872 4287 1247 4355 Adalhart
1277 4293 1421 4353 XVI.
1453 4294 1671 4356 Hecil
1702 4295 1845 4355 XVI.
1880 4296 2235 4355 wolfram
2265 4295 2492 4355 xvlm.
2527 4295 2968 4376 megengoz
3000 4293 3171 4354 XVII.
3203 4295 3507 4356 Eberolt
3535 4296 3680 4356 xvl:

872 4371 1167 4435 Adelun
1190 4377 1333 4437 XVI.
1354 4379 1507 4456 Item
1540 4378 1997 4441 AdelunXVI.
2024 4381 2157 4440 Vta
2180 4381 2327 4440 XIII.
2355 4380 2748 4440 Gotefcalt
2771 4378 2943 4438 XIIII.
2971 4378 3240 4440 Gerlah
3258 4381 3401 4441 XVI.
3425 4379 3684 4441 vodel-

873 4458 987 4519 rih
1021 4460 1164 4521 XVI.
1198 4463 1460 4523 Deferto.
1490 4481 1620 4525 una
1652 4483 1808 4526 area
1837 4467 1918 4528 ad
1958 4467 2117 4527 duos
2149 4467 2357 4527 siclos.
2389 4464 2667 4527 Lutfrit
2699 4467 2950 4525 unciam
2985 4465 3047 4525 .1.
3089 4465 3402 4527 Richolf
3425 4463 3680 4524 solidum

1014 4704 1059 4770 ¹)
1098 4708 1210 4757 Auf
1240 4709 1315 4758 m.
1360 4710 1479 4758 153·
1514 4713 1659 4760 steht
1693 4711 1779 4762 die
1812 4711 2063 4762 Urkunde
2096 4713 2331 4776 Pippin's
2366 4727 2436 4763 an
2462 4713 2690 4763 Sturmls
2725 4715 2792 4763 de
2829 4715 3046 4763 teloneo
3077 4711 3237 4761 nauis
3270 4723 3369 4773 per
3401 4721 3583 4758 renum
3621 4717 3677 4761 et

868 4774 1119 4826 theloneo
1144 4779 1253 4826 fori
1277 4779 1331 4827 in
1356 4778 1647 4842 Mogontia.
2732 4811 2740 4819 2
3183 4809 3192 4818 ·

3006 4872 3088 4934 18
