4821 5976
2033 794 2187 877 cap.
2223 744 2332 856 73..
2361 794 2466 857 ⁷4.
2535 800 2541 805 ·
3553 792 3679 855 ιω

893 968 962 1027 in
991 972 1168 1026 curte
1199 964 1454 1027 fratrum
1485 965 1776 1026 seruiant.
1809 963 1922 1025 Sin
1953 969 2165 1025 autem
2196 962 2276 1024 ab
2303 963 2439 1041 ipro
2476 960 2787 1037 beneflcio
2832 962 3087 1024 censum
3130 960 3490 1039 persoluant
3526 961 3684 1023 ficut

895 1049 1095 1111 etalii
1127 1046 1208 1109 ad
1235 1048 1626 1111 Tutenhus
1631 1068 1720 1110 en
1751 1049 2154 1128 pertinentes.
2207 1048 2386 1107 Hane
2436 1047 2847 1109 tradicionem
2891 1064 3017 1127 ego
3068 1044 3299 1127 Ertag
3342 1046 3685 1107 certissima

893 1136 1191 1213 pactione
1223 1132 1410 1195 facio.
1441 1140 1509 1193 ut
1539 1136 1785 1211 semper
1812 1136 1880 1194 in
1910 1132 2339 1195 anniuersario
2370 1131 2777 1212 depotitionis
2797 1150 2941 1191 mee
2965 1130 3259 1191 fratribus
3284 1131 3685 1195 fuldensibus

895 1218 1225 1279 seruicium
1253 1216 1403 1279 inde
1434 1218 1717 1278 caritatis
1735 1217 2133 1297 inpendatur.
2165 1223 2229 1278 et
2257 1234 2474 1279 coram
2504 1216 2767 1297 singulis
2799 1216 3099 1277 altaribus
3128 1214 3398 1276 candele
3438 1214 3685 1297 singule

894 1301 1340 1363 accendantur.
1377 1308 1442 1361 et
1470 1302 1694 1383 uigilie
1723 1319 1800 1362 ac
1828 1303 2007 1361 misse
2035 1319 2150 1380 pro
2181 1301 2461 1362 remedio
2492 1302 2705 1361 anime
2733 1319 2879 1362 mee
2910 1318 2949 1361 a
2985 1299 3280 1361 fratribus
3320 1300 3685 1378 persoluan-

893 1392 1011 1447 tur.
1041 1387 1204 1445 Acta
1235 1392 1339 1447 est
1366 1385 1490 1447 hec
1519 1386 1783 1447 tradicio
1815 1404 1983 1447 anno
2014 1387 2094 1446 ab
2128 1388 2569 1446 incarnatione
2607 1383 2843 1445 domini
2883 1385 3321 1446 ‚Dccccxxu
3364 1384 3487 1445 kal.
3536 1386 3683 1447 mai.

891 1470 1230 1551 Regnante
1261 1468 1490 1531 ottone
1517 1470 1656 1531 rufo
1685 1473 2064 1549 imperatore
2094 1487 2308 1531 coram
2339 1468 2719 1531 werenhero
2750 1467 3016 1530 fuldensi
3054 1470 3303 1531 abbate.
3343 1470 3521 1529 Hanc
3559 1476 3685 1530 tra-

892 1552 1206 1615 dicionem
1237 1554 1286 1615 si
1316 1558 1459 1634 quis
1492 1555 1822 1617 uiolauerit
1853 1562 1962 1615 aut
1989 1552 2340 1637 infregerit.
2373 1560 2482 1615 aut
2511 1554 2721 1633 aliquo
2752 1551 2938 1616 modo
2971 1569 3010 1612 a
3034 1552 3289 1614 fratrum
3312 1553 3685 1616 fuldensium

891 1638 1156 1700 utilitate
1187 1642 1528 1720 acceperit.
1558 1657 1597 1701 a
1629 1647 1772 1703 cetu
1803 1642 2160 1701 sanctorum
2188 1641 2463 1700 extorris
2502 1645 2722 1699 eterne
2765 1638 3067 1720 gehenne
3104 1637 3417 1702 incendiis
3450 1654 3489 1699 a
3524 1636 3684 1699 iusto

887 1722 1099 1785 iudice
1125 1722 1478 1803 deputetur.

1233 1941 1452 2021 (184⁸)
1499 1942 1624 2015 74.
1671 1942 1778 2017 De
1815 1940 2182 2017 oblatione
2217 1938 2681 2051 villicationis
2714 1941 2789 2013 in
2815 1938 3239 2013 ottenhusen
3258 1940 3348 2020 ¹).
3404 2004 3417 2019 ,

1061 2153 1130 2212 In
1183 2154 1440 2213 nomine
1483 2158 1755 2214 sanctae
1793 2159 1857 2213 et
1896 2151 2261 2215 indiuiduae
2305 2154 2620 2213 trinitatis.
2660 2153 2881 2213 Notum
2933 2153 3007 2213 sit
3056 2151 3349 2213 omnibus
3392 2149 3685 2213 fidelibus

889 2236 1262 2298 christianis.
1295 2236 1564 2317 qualiter
1585 2237 1888 2297 villicatio
1920 2240 2129 2298 nostra
2156 2238 2225 2298 in
2256 2234 2718 2299 Ottenhusen
2744 2255 2901 2298 uera
2923 2245 2987 2299 et
3020 2244 3194 2298 certa
3215 2235 3549 2297 traditione
3574 2252 3687 2296 an·

888 2323 1200 2401 tiquorum
1232 2324 1606 2400 principum.
1638 2326 1905 2400 primum
1936 2322 2190 2401 quidem
2218 2321 2606 2383 marchionis
2630 2320 2954 2382 ottonis.
2986 2320 3372 2401 postmodum
3396 2338 3549 2381 uero
3573 2320 3686 2381 do·

891 2409 1044 2466 mini
1075 2404 1254 2466 Erta
1265 2407 1362 2487 gi.
1395 2411 1877 2485 ceterorumque
1907 2409 2260 2485 principum
2292 2406 2556 2467 saxonie
2586 2424 2703 2466 sco
2732 2406 3063 2466 Bonifacio
3095 2406 3329 2466 martiri
3360 2404 3594 2465 donata
3622 2410 3687 2465 et

888 2488 1175 2571 legitime
1203 2489 1521 2569 delegata.
1555 2488 1635 2549 ad
1665 2491 1878 2550 nostra
1906 2492 2197 2568 peruenit
2225 2496 2530 2568 tempora.
2562 2491 2817 2552 Nouiter
2845 2507 3000 2550 uero
3032 2508 3176 2551 cum
3204 2489 3537 2549 multorum
3568 2492 3687 2550 cir·

885 2572 1365 2635 cumfidentium
1393 2573 1697 2632 uiolentia
1726 2590 1840 2651 pro
1872 2574 1965 2632 fui
1995 2592 2035 2633 a
2079 2574 2266 2633 nobis
2305 2577 2659 2633 remotione
2695 2574 3155 2635 deuastaretur.
3198 2580 3263 2634 et
3302 2575 3691 2652 obprimere-

886 2665 1004 2717 tur.
1036 2658 1232 2737 ipsam
1263 2656 1408 2718 duci
1439 2657 1704 2718 saxonie
1733 2658 2093 2719 Heinrico
2124 2658 2188 2717 in
2219 2657 2480 2718 tutelam
2504 2658 2939 2718 commisimus.
2964 2661 3148 2718 cuius
3173 2657 3552 2719 defensione
3574 2658 3695 2717 nos

890 2745 1053 2803 tueri
1081 2741 1314 2803 ibidem
1343 2742 1524 2821 posse
1557 2742 1969 2821 sperauimus.
2003 2758 2082 2803 eo
2114 2739 2284 2822 quod
2313 2749 2380 2802 et
2407 2742 2543 2821 ipse
2572 2741 2878 2802 fateretur
2916 2741 3085 2821 quod
3127 2740 3297 2802 idem
3342 2743 3571 2802 bonum
3619 2741 3701 2802 de

891 2826 1315 2889 oblationibus
1341 2829 1740 2906 antiquorum
1763 2832 2094 2905 parentum
2119 2827 2367 2887 suorum
2388 2826 2794 2887 haberemus.
2818 2824 2929 2885 Illo
2952 2842 3107 2885 uero
3132 2828 3197 2885 in
3220 2827 3502 2909 negotiis
3516 2828 3704 2907 regni

891 2918 1225 2990 occupato.
1259 2914 1616 2972 recentiora
1644 2912 1814 2972 mala
1843 2912 2030 2972 nobis
2062 2912 2186 2972 illic
2218 2913 2625 2972 emerserunt.
2670 2908 2909 2985 Quibus
2948 2909 3072 2969 alio
3118 2909 3337 2970 ordine
3383 2912 3701 2971 contraire

891 3003 957 3057 et
980 2995 1348 3057 festinanter
1368 3014 1704 3058 occurrere
1728 3015 1812 3056 ex
1836 2997 2093 3057 consilio
2119 2996 2431 3056 seniorum
2455 3004 2657 3058 ratum
2682 3004 2745 3058 et
2767 2994 2919 3056 utile
2942 2994 3261 3056 duximus.
3286 2995 3422 3055 Fuit
3447 2996 3701 3074 quidem

891 3079 1013 3141 hec
1044 3083 1237 3144 causa
1263 3081 1432 3142 talis.
1463 3081 1616 3140 Nam
1647 3080 1772 3140 due
1801 3081 1953 3141 uille
1983 3079 2192 3148 nostre
2219 3081 2402 3140 wife
2418 3081 2556 3139 selt
2587 3081 2821 3140 scilicet
2852 3087 2917 3140 et
2960 3077 3005 3139 S
3024 3097 3061 3138 e
3080 3079 3233 3140 uelt
3278 3080 3464 3158 super
3500 3081 3701 3157 ripam

891 3165 1173 3225 wisere
1203 3165 1480 3232 fluminis
1502 3164 1876 3224 altrinsecus
1907 3165 2045 3224 sunt
2076 3162 2383 3241 disposite.
2416 3171 2545 3224 tam
2598 3163 2842 3225 cultura
2876 3180 3173 3245 agrorum
3212 3181 3400 3244 quam
3434 3171 3699 3243 captura

890 3248 1150 3328 piscium
1191 3249 1378 3308 nobis
1409 3248 1608 3309 utiles.
1656 3251 1919 3326 antiqua
1961 3247 2370 3308 concessione
2410 3249 2753 3327 priscorum
2797 3249 3148 3328 principum
3202 3249 3465 3309 saxonie
3509 3250 3697 3310 nobis

893 3333 1188 3394 attribute
1218 3339 1282 3392 et
1311 3331 1744 3394 habundantia
1771 3334 2032 3410 piscium
2065 3349 2253 3411 quam
2283 3335 2641 3392 maximum.
2660 3332 3055 3393 commodum
3086 3332 3315 3393 dantes
3358 3333 3439 3393 de
3482 3349 3699 3393 mace·-

890 3419 989 3478 ria
1017 3432 1186 3496 quae
1215 3416 1448 3479 ibidem
1477 3433 1600 3496 per
1625 3416 1901 3478 medium
1931 3417 2206 3477 fluminif
2227 3416 2520 3496 disposita
2551 3423 2673 3477 est.
2702 3419 2841 3478 usui
2870 3425 3134 3478 nostrae
3164 3417 3476 3478 ecclesiae
3500 3433 3555 3477 s.
3589 3434 3697 3476 ce-
3798 3481 3807 3489 ,

891 3499 1130 3563 dentes.
1163 3518 1289 3582 que
1319 3503 1600 3563 maceria
1627 3502 1822 3582 uulgo
1868 3500 2016 3561 vah
2059 3507 2344 3562 uocatur.
2386 3501 2581 3562 Porro
2626 3501 2923 3561 Lutolt’o
2966 3499 3049 3562 de
3093 3501 3382 3564 cassele
3420 3501 3696 3562 medium

891 3585 1182 3646 eiusdem
1213 3589 1493 3647 macerie
1523 3585 1636 3646 sibi
1665 3584 2048 3647 nendicante
2078 3603 2192 3664 pro
2224 3586 2469 3647 foreste
2514 3585 2747 3668 Sulgo
2794 3587 3129 3646 adiacente
3178 3584 3398 3663 (184⁵)
3452 3586 3692 3647 beneti-

846 3724 855 3733 ,
893 3671 1041 3732 ciali
1070 3674 1206 3731 iure
1239 3687 1281 3731 a
1308 3670 1470 3731 duce
1505 3671 1612 3732 fibi
1645 3668 1934 3731 cedente.
1967 3671 2095 3730 Nos
2115 3670 2372 3732 tandem
2413 3671 2517 3732 dei
2560 3673 2771 3752 gratia
2812 3689 2928 3748 per
2965 3669 3282 3732 dominum
3329 3670 3696 3752 Reginol·

893 3753 932 3816 d
947 3771 1058 3815 um
1085 3755 1532 3816 cancellarium
1555 3757 1732 3836 regis
1748 3771 1790 3814 a
1810 3755 2092 3833 predicto
2115 3755 2433 3816 Lutoldo
2456 3755 2605 3816 illud
2628 3759 2851 3816 iterum
2876 3758 2941 3815 in
2964 3759 3279 3837 integrum
3309 3759 3696 3834 recepimus.

897 3840 1112 3918 sicque
1144 3841 1223 3900 ab
1253 3839 1376 3900 hac
1406 3839 1692 3899 molestia
1719 3839 1964 3901 liberati
1998 3842 2230 3900 tumus.
2285 3839 2523 3900 Vident·
2566 3857 2727 3922 ergo
2758 3839 2923 3901 idem
2954 3841 3377 3902 cancellarius
3424 3839 3695 3900 eandem

895 3923 1344 3984 uillicationem
1376 3940 1596 4001 parum
1641 3924 1892 3984 nostrae
1937 3926 2184 3984 utilitati
2230 3923 2482 3984 cedere.
2524 3924 2635 3985 fibi
2683 3933 2893 3986 autem
2934 3925 3015 3986 de
3054 3929 3243 4004 copia
3278 3926 3536 4004 piscium
3579 3939 3693 4002 pro

893 4007 1030 4086 ipsa
1057 4009 1383 4068 uicinitate
1427 4007 1644 4068 utilem
1690 4006 1846 4068 fore.
1892 4007 2000 4068 fibi
2045 4007 2168 4068 hac
2211 4010 2576 4086 interpofita
2616 4012 2861 4086 ratione
2900 4008 3167 4071 concedi
3212 4011 3564 4089 postulauit.
3626 4015 3697 4069 ut

896 4091 1194 4172 quamdiu
1223 4093 1444 4152 maiori
1475 4091 1785 4174 dignitate
1829 4093 1998 4153 illius
2035 4095 2342 4171 temporis
2384 4092 2669 4155 suffultus
2710 4111 2838 4154 non
2886 4095 3063 4156 esset.
3110 4095 3251 4156 loco
3296 4094 3702 4156 uillicationis

895 4175 1166 4237 eandem
1195 4176 1406 4236 uillam
1436 4180 1524 4237 ita
1552 4183 1936 4256 procuraret.
1969 4183 2036 4238 ut
2067 4183 2342 4237 annuum
2375 4177 2641 4238 reditum
2672 4186 2797 4238 tam
2830 4181 2895 4238 in
2940 4181 3131 4239 censu
3177 4194 3366 4259 quam
3410 4182 3476 4238 in
3510 4179 3695 4256 pisci-

895 4259 1015 4320 bus
1049 4260 1274 4320 statuto
1303 4265 1589 4339 tempore
1615 4253 1803 4322 nobis
1835 4263 2239 4340 persolueret.
2273 4269 2336 4321 et
2365 4261 2642 4341 dispersa
2672 4273 3119 4345 congregaret.
3147 4264 3459 4324 subtracta
3482 4266 3694 4342 requi-

897 4352 1080 4404 reret.
1113 4343 1404 4406 destituta
1431 4345 1909 4426 redintegraret.
1945 4352 2009 4405 et
2037 4347 2102 4406 in
2134 4346 2233 4406 his
2257 4349 2550 4407 omnibus
2580 4348 2735 4409 nihil
2774 4349 3126 4410 detrimenti
3166 4351 3352 4410 nobis
3394 4349 3691 4409 asscribe-

898 4436 1010 4491 ret.
1041 4429 1351 4491 adiiciens
1373 4436 1436 4489 et
1463 4429 1606 4491 hoc.
1631 4437 1698 4490 ut
1722 4431 1768 4492 si
1793 4448 1920 4493 uno
1943 4448 2114 4491 anno
2141 4433 2460 4512 proposita
2490 4433 2869 4515 negligeret.
2900 4434 3005 4494 uel
3044 4435 3259 4496 diuina
3288 4434 3688 4513 dispositione

1041 4671 1088 4735 ¹)
1117 4671 1376 4724 l'istortua
1401 4669 1520 4735 58⁶,
1547 4672 1879 4728 51.,Schann.
1905 4675 2138 4726 Buchoa.
2163 4675 2284 4728 324.
