4821 5976
1161 916 1290 981 182
2369 908 2523 991 Cap.
2558 910 2661 972 46.
2694 912 2795 973 47.

1159 1091 1334 1153 nisus
1355 1097 1477 1153 est.
1503 1088 1631 1151 Sed
1658 1088 1980 1150 resistente
2009 1082 2214 1147 Lude
2225 1084 2421 1147 wico
2452 1084 2725 1166 glorioso
2753 1102 2932 1167 rege.
2965 1088 3343 1168 cunctisque
3372 1089 3761 1168 principibus
3793 1076 3947 1150 mul-

1161 1178 1366 1259 tisque
1411 1175 1746 1256 episcopie.
1791 1173 1916 1236 deo
1955 1170 2274 1235 mediante
2321 1173 2564 1233 cassata
2608 1177 2674 1232 et
2724 1171 3108 1237 adnichilata
3152 1174 3247 1234 est
3292 1173 3439 1234 talis
3481 1173 3838 1236 fraudentia
3880 1178 3949 1237 in

1159 1282 1394 1327 uanum
1422 1267 1677 1341 incepta
1709 1306 1724 1322 .
1757 1262 1908 1341 quia
1951 1261 2197 1321 ratione
2237 1258 2521 1319 ueridica
2560 1257 2889 1338 repudiata
2929 1275 3009 1320 ac
3052 1258 3347 1322 refutata.
3406 1260 3559 1321 Nam
3604 1262 3956 1345 priuilegiis

1162 1350 1638 1431 apostolicorum
1670 1353 1736 1408 et
1763 1347 2084 1427 preceptis
2111 1364 2336 1429 regum
2389 1351 2457 1405 et
2480 1347 2927 1424 imperatorum
2964 1348 3205 1409 munita
3233 1345 3355 1409 hec
3387 1346 3785 1409 sacrosancta
3830 1346 3947 1410 sul-

1159 1436 1370 1501 denfis
1402 1435 1692 1497 ecclelia.
1725 1452 1765 1497 a
1793 1434 2025 1495 nullius
2044 1433 2347 1513 principis
2367 1432 2697 1493 inuafione
2724 1432 3064 1494 uacillabit.

1327 1522 1494 1584 Ecce
1538 1522 1706 1583 uille.
1752 1522 1896 1582 loca
1937 1537 2200 1601 quorum
2241 1516 2555 1580 decimam
2596 1516 2883 1599 prefatus
2922 1519 3305 1599 Lupertus
3346 1520 3683 1607 episcopus
3722 1520 3945 1582 tollere

1155 1608 1372 1671 uoluit.
1404 1608 1514 1671 sed
1543 1628 1672 1672 non
1701 1610 1919 1688 potuit.
1951 1608 2058 1687 qui
2090 1622 2201 1667 sce
2232 1603 2601 1667 Bonifaciue
2630 1604 2933 1668 diuinitus
2962 1624 3109 1667 eum
3140 1606 3471 1686 prohibuit.

1327 1697 1730 1758 Friemare.
1755 1692 2164 1754 Kintilebe.
2197 1690 2585 1754 Buselebe.
2616 1692 3027 1755 Mulenhus.
3057 1694 3217 1755 Item
3238 1694 3660 1755 MulenhuS.
3693 1691 3949 1755 Berol·

1155 1782 1410 1847 festat.
1463 1782 1789 1845 Odestat.
1831 1779 2197 1841 Lutestat.
2245 1778 2674 1841 Bechel'tat.
2724 1776 3073 1841 Zimbrin.
3124 1780 3618 1863 Finigel'torf.
3655 1780 3945 1842 ‚Tul-ne-

1155 1869 1316 1932 selt.
1361 1866 1691 1930 Rotdors.
1739 1865 1942 1927 Cale.
1988 1866 2353 1929 Vmbredi.
2399 1866 2799 1927 Holzl'uze.
2854 1866 3257 1929 Benelebe.
3297 1866 3720 1949 Bezingen.
3764 1868 3945 1929 Gru·

1155 1972 1320 2018 mn.
1349 1954 1618 2016 Frichi.
1659 1950 1880 2031 (148⁶)
1920 1950 2326 2035 Baringen.
2357 1952 2859 2015 Fanare.1tem
2888 1953 3202 2015 Fanere.
3235 1953 3619 2016 Tunnaha.
3651 1954 3949 2015 Fanare

1153 2046 1324 2107 item.
1369 2043 1524 2103 Item
1569 2038 2348 2121 Tunnahe.,Tungide.
2380 2038 2853 2100 Tullineftat.
2884 2038 3359 2103 Tachebach.
3388 2042 3941 2102 Ansolteslebe.

1151 2128 1597 2190 Northusen.
1623 2126 2002 2187 Sumerde.
2024 2127 2178 2186 Item
2204 2124 2585 2187 Sumerde.
2608 2124 3175 2188 Arolseshusen.
3204 2126 3593 2189 Bitebach.
3624 2128 3943 2188 Triburi.
3974 2150 3995 2167 κ

1154 2214 1608 2277 Suabelebe.
1639 2214 2086 2295 Heltrunge.
2117 2212 2569 2273 Mannestat.
2600 2210 3016 2273 Eberestat.
3048 2213 3250 2274 Istat.
3285 2211 3727 2275 Omunstorf.
3762 2214 3945 2275 Ger-

1155 2296 2642 2385 stunge.Widerolteshusen.Holzhusen.
2666 2298 3249 2361 Atamenestorf.
3274 2299 3661 2362 Buselebe.
3686 2300 3944 2361 Brant·

1151 2387 1364 2451 bach.
1389 2388 1583 2469 Farg
1600 2386 1840 2448 alaha.
1867 2385 2477 2447 Suehurbrunno.
2510 2385 3044 2447 Hastenelebe.
3070 2384 3562 2450 Unfridestat.
3588 2386 3943 2449 Lantela-

1155 2474 1466 2538 chestat.
1519 2473 2038 2536 Suabehusen.
2087 2470 2627 2535 Nemanestorf.
2672 2471 3324 2534 Nezemanestorf.
3381 2471 3940 2535 Trebunestors.

1151 2560 1676 2623 Wonisestorf.
1718 2557 2308 2621 Mounwiniden.
2348 2558 2844 2642 Meigesdorf.
2884 2559 3306 2621 Larestete.
3352 2560 3939 2623 Almunnestete.

1153 2648 1564 2711 Sulzbach.
1606 2645 2195 2726 Liuprehtestat.
2239 2645 2811 2720 Ypanenhusen.
2856 2645 3288 2707 Hewibach.
3328 2644 3635 2709 sulaha.
3679 2646 3942 2708 Ceme-
4037 2652 4047 2657 '

1153 2737 1546 2797 rotestete.
1581 2733 2240 2815 Helidingen.ltem
2269 2730 2758 2815 Helidingen.
2789 2732 3118 2813 Ingredi.
3142 2733 3299 2793 Item
3328 2733 3661 2815 Ingredi.
3694 2733 3943 2795 Kessi-

1151 2821 1478 2885 nesdorl'.
1525 2819 1952 2883 Zemerode.
1995 2818 2685 2881 Hadabrantesrod.
2734 2819 3218 2881 Alfiohestat.
3270 2818 3593 2881 Elerina.
3634 2820 3942 2882 Wizen-

1153 2909 1460 2994 brunno.
1503 2908 1788 2991 Hagen.
1837 2906 2124 2968 Furari.
2168 2906 2511 2967 Tricusti.
2566 2904 3063 2967 Gundesleba.
3116 2905 3523 2968 Otunbach.
3573 2906 3945 2968 Bichilin-·¹

1151 3015 1328 3080 gen.
1361 2993 1986 3060 Wotenel'husen.
2019 2993 2579 3056 Crunnesbaoh.
2610 2993 3377 3076 Engelburgehusen:
3410 2994 3943 3056 Hermotestat.

1150 3083 1609 3146 Kezzelare.
1662 3079 2136 3164 Lengel'felt.
2193 3079 2549 3142 Salzaha.
2604 3079 2995 3141 Sletheim.
3046 3080 3411 3142 Hurbach.
3456 3081 3943 3144 Burichtridi.

1149 3169 1700 3254 Turinghusen.
1739 3167 2204 3229 Zotenestat.
2245 3165 2765 3228 Neuereheim.
2810 3165 3093 3227 Nelibe.
3124 3167 3539 3250 Heringen.
3572 3169 3945 3250 Ratinge-

1150 3257 1316 3320 stat.
1349 3254 1958 3319 Geberichestat.
1990 3251 2516 3316 Trumbestorf.
2548 3253 2945 3314 Zutileibe.
2977 3253 3495 3315 Gozherestat.
3539 3253 3943 3317 Busfileba.

1149 3343 1588 3428 scidingen.
1646 3339 2152 3412 Otherel'dors.
2213 3337 2735 3402 Madnhalaha.
2794 3339 3144 3402 Romstat.
3200 3339 3577 3403 Dunestat.
3630 3341 3941 3404 Rorbah.

1147 3429 1538 3493 Tierbach.
1563 3427 2176 3492 Ermunteswert.
2209 3425 2551 3486 Catenes.
2584 3425 3048 3508 Salzungen.
3090 3426 3223 3488 Hec
3264 3427 3403 3488 sunt
3446 3429 3593 3490 loca
3628 3431 3695 3490 in
3724 3428 3943 3489 Turin-

1148 3535 1374 3600 gorum
1403 3518 1736 3597 prouincia
1763 3533 1890 3596 que
1927 3511 2196 3582 reddunt
2235 3512 2695 3574 decimationes
2730 3529 2846 3573 sco
2892 3511 3217 3576 Bonifacio
3265 3514 3565 3594 archiepo
3608 3521 3671 3575 et
3706 3517 3823 3575 mri
3861 3513 3945 3576 ad

1145 3601 1445 3665 fuldense
1471 3603 1935 3664 monasterium.
1968 3617 2046 3662 eo
2087 3597 2256 3680 quod
2291 3597 2461 3660 idem
2507 3598 2889 3661 uenerabilis
2924 3604 3138 3662 martir
3168 3607 3233 3661 et
3262 3599 3641 3681 archipresul
3672 3598 3943 3662 eandem

1146 3689 1584 3771 thuringorum
1611 3686 2004 3769 prouinciam
2036 3704 2075 3747 a
2103 3688 2425 3768 paganico
2458 3703 2671 3746 errore
2716 3690 3030 3748 conuertit
3066 3685 3149 3748 ad
3186 3705 3358 3765 xpm.
3406 3695 3473 3748 et
3509 3685 3631 3749 lioo
3678 3686 3943 3748 obtinult

1150 3775 1317 3855 apud
1347 3775 1716 3838 zachariam
1743 3791 1996 3856 papam.
2029 3779 2095 3836 ut
2135 3775 2330 3834 totius
2375 3770 2696 3854 thuringie
2735 3770 3073 3836 decimatio
3114 3771 3195 3834 ad
3226 3773 3401 3834 suum
3431 3773 3687 3836 daretur
3722 3790 3945 3836 mona-

1147 3861 1423 3925 sterium.
1453 3862 1570 3926 Cui
1599 3865 1694 3925 rei
1721 3861 2171 3924 consenserunt
2199 3859 2395 3944 reges
2418 3865 2483 3921 et
2510 3861 2925 3942 imperatores
2948 3868 3015 3922 et
3044 3861 3268 3922 omnes
3288 3864 3475 3945 regni
3505 3861 3837 3943 principes.

1155 4111 1374 4193 (149⁸)
1415 4114 1518 4177 4⁷·
1563 4109 1959 4213 Descriptio
1997 4111 2437 4210 quorundam
2484 4109 2793 4186 fidelium
2829 4088 2919 4187 de
2954 4109 3227 4186 familia
3260 4114 3373 4188 sci
3406 4111 3783 4190 Bonifacii.
3822 4113 3941 4211 qui

1351 4215 1800 4292 tradiderunt
1833 4217 2028 4294 bona
2061 4213 2184 4290 sua
2217 4215 2316 4289 ad
2349 4213 2695 4290 Fuldense
2732 4215 3247 4294 monasterium.

1316 4457 1590 4521 Traditio
1619 4459 2014 4522 Erenfridi.
2055 4461 2122 4522 in
2151 4457 2661 4523 Hetenhusen.
2708 4465 2773 4521 et
2810 4461 2875 4522 in
2912 4461 3711 4524 Francwarteshuseu.
3755 4459 3941 4519 Simi-

1145 4548 1284 4609 liter
1311 4549 1376 4607 in
1409 4547 1550 4608 loco
1583 4549 1690 4628 qui
1721 4545 1946 4608 dicitur
1990 4545 2481 4607 cemeforete.
2530 4553 2592 4608 et
2631 4549 2697 4608 in
2738 4547 3031 4610 Honide
3071 4548 3223 4610 uilla
3266 4554 3651 4628 nuncupata.
3691 4542 3940 4606 tradidit

1143 4653 1260 4697 eco
1289 4633 1444 4696 Bon.
1477 4632 1776 4716 quicquid
1806 4633 1894 4695 ibi
1921 4633 2320 4714 proprietatis
2339 4626 2581 4696 habuit.
2612 4637 2677 4695 in
2709 4634 2884 4695 uillis.
2917 4637 2983 4695 in
3015 4633 3201 4717 agris.
3236 4635 3299 4696 in
3330 4639 3547 4714 pratis,
3590 4631 3773 4692 siluis.
3808 4629 3938 4694 edi-

1143 4721 1318 4783 ficiis.
1349 4722 1685 4802 mancipiis
1708 4727 1772 4782 et
1795 4721 2028 4781 ceteris
2048 4719 2459 4781 facultatibus
2492 4719 2643 4782 suia.-

1317 4807 1683 4870 Hatlemar
1714 4807 1966 4890 quidam
1999 4805 2185 4868 homo
2211 4807 2442 4867 nobilis
2465 4805 2711 4868 tradidit
2736 4825 2853 4868 sco
2876 4807 3030 4868 Bon.
3054 4806 3277 4868 xx1111.
3305 4807 3548 4888 iugera.
3582 4803 3655 4864 Et
3686 4803 3939 4884 iamper

1143 4897 1210 4956 in
1235 4893 1400 4956 uillis
1417 4895 1502 4958 sic
1523 4892 1920 4976 nuncupatis.
1945 4891 2427 4956 Felihchide.
2454 4893 2772 4956 Honide.
2804 4895 2874 4955 In
2898 4893 3293 4955 Bolcstete.
3324 4891 3395 4952 ln
3418 4889 3935 4976 Bichelingen.
